2066 3548
175 280 322 322 met
344 277 561 327 Saeuum]
607 270 925 318 PRINCIPIA
957 268 1451 312 MATHEMATICA.
1787 277 1870 315 293

168 389 293 433 XLI.
313 397 355 431 et
377 387 543 440 XLII.)
564 386 788 429 consistere
809 383 964 440 nequit.
1027 382 1128 426 soni
1146 381 1246 424 vero
1262 380 1485 437 propterea
1511 382 1624 438 quod
1643 397 1667 424 a
1687 386 1872 440 corpori-

164 464 243 506 bus
271 461 456 505 tremulis
485 459 684 509 oriantur,
718 449 826 499 nihil
852 456 965 498 aliud
985 463 1081 498 sunt
1099 469 1223 512 quam
1242 455 1348 499 a'eris
1373 454 1521 509 pulsus
1549 457 1767 512 propagati
1794 472 1872 512 per

168 536 296 590 Prop.
319 532 492 576 XLIII.
553 530 834 574 Confirmatur
853 527 897 569 id
918 542 971 570 ex
989 526 1237 569 tremoribus
1252 540 1355 582 quos
1367 525 1548 566 excitant
1566 525 1609 566 in
1629 527 1871 581 corporibus

114 624 117 631 ¹
165 607 349 664 objectis,
371 606 406 648 si
424 604 551 647 modo
568 598 830 645 behementes
850 600 932 642 sint
951 607 994 641 et
1011 613 1172 657 graves,
1195 597 1335 653 quales
1351 605 1447 640 sunt
1462 596 1552 638 soni
1563 604 1868 653 tympanorum.

167 679 219 735 (⁴¹)
242 678 354 720 Nam
387 684 587 718 tremores
618 673 836 715 celeriores
866 679 908 713 et
934 670 1142 712 breviores
1173 668 1378 710 difficilius
1411 668 1655 711 excitantur.
1717 669 1800 712 Sed
1828 678 1871 712 et

166 766 288 793 sonos
309 747 488 806 quosvis,
508 747 553 788 in
572 744 749 788 chordas
768 743 1010 800 corporibus
1030 743 1190 785 sonoris
1218 742 1413 784 unisonas
1441 742 1657 798 impactos,
1688 743 1870 785 excitare

165 829 365 864 tremores
402 818 664 861 notissimum
702 824 776 859 est.
837 815 1121 858 Confirmatur
1158 815 1281 857 etiam
1318 829 1373 856 ex
1409 814 1625 856 velocitate
1656 829 1867 858 sonorum.

165 892 277 934 Nam
297 890 392 933 cum
411 889 599 946 pondera
619 887 812 944 specifica
830 901 948 943 aquae
966 886 1156 942 pluvialis
1177 893 1221 928 et
1238 885 1397 943 argenti
1416 885 1497 926 vivi
1518 885 1600 927 sint
1618 886 1672 928 ad
1692 887 1868 929 invicem

165 972 213 1006 ut
235 969 254 1004 1
282 962 337 1004 ad
358 965 438 1016 13}
460 961 635 1011 circiter,
665 967 708 1001 et
735 958 809 1000 ubi
827 958 1054 999 mercurius
1082 957 1127 998 in
1154 957 1392 998 barometro
1419 955 1678 998 altitudinem
1705 958 1870 1014 attingit

165 1036 390 1094 digitorum
410 1033 687 1091 Anglicorum
708 1037 778 1082 30,
809 1030 975 1086 pondus
996 1030 1233 1085 specificum
1252 1030 1359 1071 a‘eris
1375 1037 1421 1071 et
1439 1043 1559 1085 aquae
1577 1029 1766 1085 pluvialis
1787 1030 1869 1072 sint

163 1108 219 1150 ad
245 1106 422 1148 invicem
449 1112 497 1147 ut
518 1110 537 1146 1
563 1104 618 1146 ad
638 1107 722 1148 870
742 1102 926 1144 circiter:
958 1101 1006 1156 (Γ)
1027 1109 1148 1143 erunt
1174 1101 1362 1157 pondera
1380 1101 1570 1156 specifica
1597 1101 1703 1143 a'eris
1731 1109 1774 1142 et
1801 1117 1868 1142 ar-

163 1179 278 1236 genti
295 1177 378 1219 vivi
396 1186 444 1218 ut
466 1182 485 1217 1
511 1175 565 1217 ad
588 1180 740 1216 11890.
802 1172 986 1214 Proinde
1005 1187 1100 1214 cum
1119 1171 1294 1214 altitudo
1322 1173 1483 1229 argenti
1511 1171 1594 1213 vivi
1613 1171 1666 1214 sit
1686 1178 1741 1214 30
1762 1172 1868 1228 digi-

163 1259 315 1299 torum,
351 1246 526 1289 altitudo
553 1245 659 1287 a·e·ris
686 1243 918 1293 unifornfis,
951 1243 1065 1298 cujus
1091 1242 1255 1298 pondus
1275 1244 1413 1285 a'erem
1432 1251 1620 1284 nostrum
1640 1242 1869 1298 subjectum

164 1319 436 1375 comprimere
454 1325 607 1373 posset,
629 1316 707 1358 erit
728 1319 896 1359 356700
912 1314 1150 1371 digitorum,
1168 1315 1244 1355 ‘seu
1257 1314 1410 1369 pedum
1427 1313 1701 1371 Anglicorum
1712 1318 1867 1358 29725.

165 1393 325 1450 Estque
343 1393 436 1434 haec
457 1391 631 1434 altitudo
645 1391 716 1432 illa
730 1391 820 1446 ipsa
838 1404 962 1446 quam
977 1389 1021 1430 in
1036 1388 1340 1431 constructione
1355 1386 1577 1442 superioris
1594 1385 1868 1428 Problematis

165 1463 468 1505 nominavimus
489 1463 543 1505 A.
605 1461 762 1504 Circuli
781 1461 899 1503 radio
919 1465 1059 1505 29725
1078 1459 1234 1516 pedum
1253 1458 1448 1513 descripti
1480 1458 1525 1513 (¹)
1542 1457 1870 1501 circumferentia

164 1545 228 1578 est
247 1536 402 1591 pedum
426 1540 608 1580 186768.
669 1534 726 1576 Et
745 1533 840 1576 cum
858 1533 1086 1590 pendulum
1105 1533 1256 1591 digitos
1278 1537 1360 1588 392}
1379 1532 1551 1589 longum
1571 1530 1868 1573 oscillationem

165 1624 220 1651 ex
239 1610 300 1651 itu
319 1617 362 1651 et
379 1609 516 1651 reditu
537 1609 806 1664 compositam
821 1615 1008 1663 tempore
1027 1608 1281 1649 minutorum
1300 1606 1478 1648 duorum
1498 1606 1788 1656 secundorum,
1809 1607 1871 1648 uti

165 1687 311 1721 notum
330 1688 405 1729 est,
429 1679 477 1735 (²)
496 1679 705 1728 absolvat3
735 1678 964 1733 pendulum
982 1678 1109 1733 pedes
1138 1682 1278 1723 29725
1306 1691 1380 1719 seu
1407 1676 1559 1734 digitos
1590 1676 1870 1721 3567001οη-

164 1765 266 1807 gum
295 1749 348 1804 (¹¹)
368 1748 666 1791 oscillationem
694 1748 950 1791 consimilem
977 1757 1163 1804 tempore
1188 1748 1442 1790 minutorum
1462 1746 1738 1789 secundorum
1760 1749 1869 1800 19οἒ

165 1819 378 1862 absolvere
408 1819 587 1861 debebit.
648 1819 715 1861 Eo
742 1819 871 1876 igitur
898 1827 1085 1874 tempore
1113 1833 1238 1860 sonus
1266 1816 1573 1876 progrediendo
1603 1818 1657 1871 (¹)
1678 1817 1870 1860 conficiet

165 1892 294 1948 pedes
318 1897 499 1943 186768‚
519 1891 698 1948 ideoque
717 1900 904 1948 tempore
921 1890 1070 1933 minuti
1089 1890 1211 1933 unius
1230 1890 1401 1934 secundi
1420 1889 1548 1946 pedes
1564 1894 1664 1935 979.

166 2023 351 2058 motumque
359 2016 394 2047 in
406 2016 585 2055 corporibus
591 2026 662 2057 quae
671 2016 844 2047 inflammat
853 2014 1001 2053 ead-tans,

909 2056 917 2063 .
1043 2014 1130 2046 verse
1144 2021 1180 2046 ut
1193 2014 1358 2046 densitates
1373 2016 1460 2063 (178.
1477 2015 1547 2046 Lib.
1566 2014 1657 2054 11.):
1681 2022 1728 2046 est
1739 2015 1836 2055 igitur
1853 2016 1867 2044 1

166 2069 291 2090 necesse
313 2068 379 2089 ense
395 2057 517 2088 videtur
537 2063 575 2088 ut
594 2068 615 2088 a
633 2058 815 2096 corporibus
838 2056 1003 2087 luminosis
1845 2056 1856 2064 ⁸

1043 2057 1084 2087 ad
1102 2060 1205 2088 11890
1217 2063 1255 2087 ut
1269 2061 1311 2088 80
1324 2056 1412 2097 dign.
1430 2056 1469 2088 ad
1485 2056 1682 2087 altitudinem
1702 2057 1779 2088 a‘eris
1799 2067 1872 2087 um-

167 2101 349 2133 tenuissima
369 2099 553 2139 corpuscula
566 2099 742 2130 inuedibili
754 2099 820 2129 fere
839 2099 1002 2129 velocitate

167 2153 413 2184 quaquaversum
426 2143 618 2173 emittantur.
667 2141 773 2181 Spatia
786 2140 883 2182 igitur
896 2140 1002 2171 coeles-

168 2186 223 2222 tia,
248 2196 319 2226 quae
342 2190 497 2216 astrorum
511 2183 663 2215 'omnium
686 2183 743 2213 lux
765 2182 919 2213 immensi
944 2181 1000 2212 illa

169 2228 324 2258 celeritate
337 2232 482 2266 permeat.
497 2225 627 2257 materia
636 2224 773 2266 quidam
783 2223 916 2256 etherea
924 2224 1001 2255 den-

169 2269 297 2306 sissima,
313 2280 383 2310 quae
398 2267 557 2300 radiorum
570 2267 650 2299 lucis
664 2273 786 2299 motum
795 2266 997 2306 interciperet,

170 2313 263 2352 plena
281 2322 347 2343 esse
361 2321 426 2342 non
438 2316 578 2350 possunt.

214 2366 261 2409 (⁴¹)
278 2370 351 2398 ³19.
376 2368 395 2386 *
413 2367 504 2397 Nam
516 2371 659 2396 mores
679 2365 832 2396 celeriores
844 2370 874 2395 ee
888 2364 1002 2394 brevio-

170 2420 220 2440 res
232 2410 386 2451 difficilius
400 2410 582 2439 excitantur.
630 2407 769 2446 Corpora
788 2406 872 2437 enim
886 2406 1003 2446 majora

172 2458 204 2482 et
217 2452 323 2481 minus
336 2450 462 2481 elastica
481 2449 650 2492 majoribus
662 2449 731 2479 soni
751 2448 906 2490 gravioris,
928 2457 1002 2479 cum

172 2503 238 2534 quo
265 2502 435 2524 consonare
463 2498 602 2531 possunt,
632 2491 853 2522 vibrationibus
880 2490 1004 2520 facilius

100 2564 105 2569 .
173 2536 395 2567 concutiuntur
408 2540 441 2566 et
454 2540 659 2575 congruenter
668 2533 708 2565 ad
718 2534 868 2573 pulsuum
881 2538 1003 2563 motum

173 2579 352 2618 agitantur3
378 2587 454 2608 nam
479 2576 571 2608 debet
595 2587 661 2608 esse
683 2576 840 2616 proportio
859 2574 1004 2616 quaedam

173 2620 255 2651 inter
267 2620 417 2659 pulsuum
431 2619 509 2650 a'etis
522 2618 718 2651 latitudinem
727 2625 759 2649 et
768 2627 931 2656 corporum
945 2617 1004 2647 cir-

174 2662 398 2702 cumjectum
416 2661 676 2703 magnitudinem,
691 2660 873 2691 densitatem
887 2666 920 2690 et
939 2659 1004 2689 vim

174 2704 342 2741 elasticam,
365 2710 402 2735 ut
423 2714 519 2735 sonus
538 2704 578 2735 iis
597 2704 864 2739 communicem13
889 2708 922 2732 et
942 2712 1005 2742 quo

175 2746 262 2777 flbrae
282 2746 433 2777 breviores
453 2752 537 2784 sunt,
563 2746 720 2777 tenuiores
732 2751 764 2776 et
778 2744 878 2785 magis
897 2750 1003 2781 tensae,

175 2798 214 2819 eo
227 2788 351 2818 facilius
362 2795 455 2820 acuto
467 2798 545 2820 sono
558 2798 614 2819 seu
628 2787 816 2819 brevioribus
835 2786 914 2818 aeris
933 2786 1005 2825 pul-

175 2829 260 2860 sibus
272 2830 428 2871 aginntur
442 2836 474 2862 et
486 2836 693 2862 contremunt.
737 2830 821 2866 Quae
835 2829 940 2860 omnia
949 2839 1004 2869 pa-

176 2878 246 2903 tent
258 2882 314 2912 per
326 2877 432 2903 notam
446 2877 518 2905 817.

221 2939 265 2982 (²)
280 2942 296 2960 ⁹
310 2941 428 2978 Erunt,
439 2950 478 2971 ex
488 2950 578 2982 aequo
588 2945 620 2972 et
629 2949 685 2980 per
694 2938 946 2979 compositionem
956 2947 1005 2968 ra-

177 2982 310 3019 tionum,
326 2981 464 3021 pondera
475 2983 617 3022 specifica
630 2983 692 3013 sive
707 2981 871 3012 densitates
884 2980 962 3011 aiiris
975 2986 1007 3011 et

178 3024 300 3064 argenti
322 3023 383 3054 vivi
398 3030 435 3055 ut
451 3028 463 3055 l
483 3025 523 3055 ad
539 3029 653 3057 11890.
702 3024 764 3055 Sed
785 3022 952 3054 fluidorum
973 3023 1006 3052 in

178 3078 211 3096 se
225 3068 501 3106 homogeneorum‚
516 3067 615 3098 cidem
626 3066 693 3099 basi
707 3065 962 3102 incumbentium,
978 3071 1007 3095 et

178 3109 212 3138 in
227 3108 400 3149 aequilibrio
415 3110 647 3141 consistentium
670 3108 849 3140 altitudines
869 3103 1007 3139 suntin-

1041 2098 1150 2128 formis
1162 2098 1218 2138 qui
1233 2108 1306 2129 cum
1323 2102 1365 2129 80
1378 2098 1483 2138 digitis
1495 2098 1615 2139 argenti
1631 2098 1691 2128 vivi
1712 2098 1871 2138 aequipon..

1045 2139 1131 2171 derat
1141 2152 1152 2177 3
1193 2146 1225 2171 et
1252 2139 1327 2171 ideo
1361 2139 1493 2170 altitudo
1523 2141 1591 2170 haee
1623 2146 1670 2170 est
1701 2140 1870 2181 digitorum

1043 2185 1185 2255 235?ngAE
1187 2191 1281 2256 95ξὲιὲ
1291 2181 1458 2213 dividendo
1470 2191 1525 2221 per
1542 2185 1592 2221 12,
1617 2181 1733 2222 pedum
1755 2183 1871 2225 Angli-

1084 2279 1127 2322 (‘)
1145 2283 1162 2300 ⁸
1181 2282 1306 2312 Circum
1321 2282 1434 2312 eventia
1447 2287 1490 2312 ese
1499 2283 1612 2321 pedum
1631 2283 1765 2313 186768.
1809 2282 1872 2314 Est

1043 2322 1127 2353 enim
1147 2322 1253 2353 radius
1320 2323 1602 2354 circumferentiam
1616 2329 1654 2353 ut
1670 2327 1730 2355 118
1744 2323 1785 2354 ad
1798 2327 1868 2361 710,

1043 2365 1107 2396 sive
1121 2373 1158 2396 ut
1172 2368 1276 2397 29725
1287 2364 1328 2396 ad
1346 2368 1469 2397 186768
1483 2365 1579 2406 quam
1594 2365 1743 2405 proxime.

1088 2421 1131 2464 (ἴ)
1156 2423 1172 2441 ⁸
1197 2422 1346 2453 Absolvat.
1394 2421 1574 2452 Pendulum
1598 2422 1688 2463 cujus
1708 2421 1872 2463 longitudo

1044 2470 1090 2494 est
1102 2463 1218 2504 pedum
1232 2463 1452 2494 Parisiensium
1468 2468 1488 2495 8
1503 2470 1535 2494 et
1547 2464 1700 2495 linearum
1715 2465 1766 2506 δὲ,
1781 2465 1870 2495 oscil-

1044 2506 1190 2537 lationem
1201 2516 1298 2537 unam
1312 2516 1350 2536 ex
1365 2506 1413 2536 itu
1427 2512 1458 2536 et
1472 2506 1573 2537 reditu
1585 2507 1783 2545 compositam
1792 2513 1871 2538 tem-

1045 2558 1118 2588 pore
1139 2548 1333 2579 minutorum
1356 2547 1490 2578 duorum
1514 2548 1722 2579 secundorum
1742 2549 1872 2580 absolvit

1047 2593 1131 2632 (471.
1149 2591 1219 2621 Lib.
1240 2590 1283 2630 Ι.)
1295 2602 1305 2628 3
1320 2595 1352 2620 et
1365 2600 1419 2629 pes
1431 2590 1637 2621 Londinensis
1647 2597 1693 2621 est
1706 2591 1746 2622 ad
1760 2591 1871 2631 pedem

1048 2632 1252 2664 Parisiensem
1265 2639 1302 2663 ut
1319 2635 1357 2664 15
1372 2632 1413 2663 ad
1435 2635 1475 2664 16
1490 2643 1583 2673 quam
1607 2632 1756 2672 proxime,
1778 2640 1810 2665 et
1829 2634 1872 2664 ita

1046 2694 1119 2718 sunt
1125 2686 1219 2728 pedes
1227 2691 1248 2718 5
1259 2696 1331 2717 cum
1342 2685 1434 2717 lineis
1440 2685 1527 2728 8,-¹‚ad
1537 2677 1742 2729 digitos,39r¹‚‘»
1749 2686 1797 2717 vel
1804 2678 1872 2729 893¹-

1046 2740 1140 2771 quam
1154 2728 1307 2770 proxime.

1088 2787 1135 2827 (¹¹)
1150 2789 1175 2812 Ρ
1195 2787 1417 2821 Oscillationm
1441 2787 1628 2817 consimilem
1652 2793 1791 2826 tempore,
1812 2787 1869 2817 διε.

1049 2828 1286 2860 Ost-illationum
1308 2834 1447 2866 tempora
1462 2834 1536 2858 sunt
1548 2828 1580 2858 in
1595 2827 1811 2868 subduplicata
1823 2839 1872 2859 ra-

1046 2872 1131 2902 tione
1154 2869 1357 2911 longitudinis
1380 2869 1588 2909 pendulorum
1615 2872 1702 2912 (472.
1722 2870 1792 2902 Lib.
1811 2871 1871 2911 L),

1047 2930 1078 2954 et
1091 2929 1250 2962 propterea
1263 2929 1300 2953 ut
1313 2913 1382 2964 393}
1395 2921 1435 2952 ad
1448 2925 1586 2960 5567oo‚
1601 2922 1646 2953 ita
1658 2926 1680 2953 4
1690 2922 1729 2954 ad
1741 2923 1874 2964 quadra-

1047 2973 1115 2996 tum
1131 2965 1251 2996 numeri
1265 2965 1457 2995 minutorum
1473 2965 1689 3002 secundorum,
1714 2965 1769 3006 qui
1789 2976 1874 3006 quae-

1048 3008 1135 3044 ntur,
1165 3014 1196 3038 et
1220 3013 1343 3059 peracto
1371 3006 1491 3038 calculo
1518 3007 1675 3039 invenitur
1698 3018 1763 3039 ense
1793 3007 1874 3048 190}

1050 3060 1143 3091 quam
1159 3059 1304 3089 proxime.

1095 3106 1142 3147 (¹)
1160 3108 1176 3126 '
1197 3107 1333 3148 Conficiet
1343 3108 1447 3146 pedes,
1463 3106 1518 3137 διε.
1558 3106 1618 3138 Per
1632 3106 1723 3146 Prop.
1740 3099 1871 3137 XLIX.

996 3166 1024 3196 T
1041 3171 1059 3195 3
