2066 3548
169 231 317 275 Lmen
339 233 557 284 Sitonum]
610 230 929 274 PRINCIPIA
962 229 1456 273 MATHEMATICA.
1807 235 1887 276 147

789 566 792 568 ·
841 546 1084 597 SECTIO
1118 546 1209 595 VI.

391 677 462 723 De
482 683 606 723 motu
626 682 673 721 et
694 674 952 722 resistentid
973 688 1216 736 corporum
1230 672 1671 734 funependulorum.

394 856 446 912 (Β)
469 854 847 900 PROPOSITIO
879 853 1052 896 XXIV.
1114 849 1479 894 THEOREMA
1510 848 1643 890 XIX.

168 972 427 1025 Quantitates
464 973 646 1013 materiae
679 973 724 1011 in
755 969 983 1022 corporibus
1004 968 1314 1023 funependulz's,
1348 980 1511 1021 quorum
1549 971 1688 1006 centra
1730 964 1888 1005 oscilla-

218 1047 371 1088 tionum
390 1060 417 1086 α
437 1052 572 1087 centro
591 1044 856 1098 suspensionis
876 1043 1087 1096 oequaliter
1106 1042 1273 1090 distant,
1303 1046 1397 1081 sunt
1418 1040 1463 1079 in
1482 1040 1644 1079 ratione
1674 1035 1888 1091 compositd

221 1120 271 1159 ex
307 1111 471 1160 ratione‘
495 1119 718 1171 ponderum
758 1123 796 1157 et
828 1115 988 1155 ratione
1023 1112 1229 1166 duplicata
1271 1118 1486 1164 temporum
1521 1110 1808 1153 oscillationum
1844 1111 1888 1150 in

223 1207 356 1235 vacuo.

221 1306 333 1348 Nam
351 1306 559 1351 velocitas,
583 1319 708 1361 quam
728 1304 825 1345 data
845 1304 905 1344 vis
926 1303 968 1343 in
990 1301 1086 1343 data
1113 1301 1298 1351 m-1terifi,
1336 1300 1437 1341 dato
1468 1307 1657 1354 tempore
1686 1312 1887 1355 generare

160 1385 311 1434 potest,
345 1385 407 1419 est
428 1386 474 1418 ut
488 1377 548 1418 vis
570 1386 610 1418 et
630 1385 794 1431 tempus
825 1373 994 1424 directe,
1029 1382 1070 1415 et
1099 1373 1271 1414 materia
1301 1371 1477 1413 inverse.
1540 1371 1642 1420 Quo
1662 1371 1794 1426 major
1824 1378 1887 1412 est

161 1450 223 1491 vis
243 1449 309 1491 vel
329 1449 461 1504 majus
482 1457 646 1503 tempus
675 1448 740 1488 vel
769 1447 906 1487 minor
935 1445 1120 1495 materia,
1152 1460 1203 1485 eo
1222 1445 1356 1499 major
1383 1443 1652 1501 generabitur
1672 1443 1881 1500 velocitas.

161 1522 215 1564 Id
235 1521 347 1577 quod
366 1535 442 1576 per
460 1529 597 1562 motus
633 1520 794 1576 Legem
827 1518 1052 1560 secundam
1082 1517 1347 1559 manifestum
1375 1526 1450 1559 est.
1510 1516 1561 1572 (¹¹)
1593 1517 1689 1558 Jam
1723 1516 1823 1558 verb
1854 1518 1889 1558 si

158 1594 341 1650 pendula
371 1593 557 1649 ejusdem
578 1593 661 1635 sint
680 1592 966 1650 longitudinis,
1003 1592 1110 1634 vires
1140 1592 1335 1633 motrices
1355 1592 1399 1632 in
1419 1591 1522 1632 locis
1543 1607 1568 1632 a
1586 1590 1888 1646 perpendiculo

159 1667 372 1724 aequaliter
392 1666 640 1707 distantibus
662 1673 759 1707 sunt
778 1674 825 1709 ut
844 1664 1055 1720 pondera:
1092 1664 1271 1719 ideoque
1301 1664 1336 1705 si
1367 1678 1544 1718 corpora
1579 1663 1665 1704 duo
1694 1663 1888 1705 oscillan-

158 1743 214 1784 do
243 1741 479 1784 describant
508 1755 628 1782 arcus
658 1739 854 1796 aequales,
892 1746 934 1780 et
963 1753 1083 1779 arcus
1103 1738 1163 1779 illi
1190 1737 1430 1779 dividantur
1449 1737 1494 1778 in
1513 1723 1654 1792 partes
1674 1737 1880 1793 aequales3

159 1816 202 1872 (¹)
217 1814 312 1857 cum
331 1822 518 1870 tempora
538 1813 690 1870 quibus
712 1826 889 1868 corpora
909 1811 1147 1853 describant
1167 1810 1349 1867 singulas
1370 1823 1542 1851 arcuum
1561 1817 1702 1864 partes
1723 1824 1886 1851 corres-

202 1946 247 1988 (ss)
265 1949 283 1967 ⁸
302 1947 467 1987 Propositio
482 1947 578 1977 XXI
581 1947 615 1976 V.
653 1945 693 1975 In
703 1943 763 1975 hae
780 1943 994 1984 Propositione
1039 1953 1099 1983 pus
1113 1942 1302 1973 acceleratur
1315 1941 1348 1972 in
1363 1940 1465 1982 prima
1479 1940 1619 1981 cycloide
1640 1941 1674 1971 in
1696 1947 1814 1981 puncto
1836 1942 1882 1978 D,

160 1994 192 2019 et
205 1989 272 2030 ejus
289 1988 467 2020 Corollariis
485 1988 671 2027 supponitur
692 1997 819 2026 corpora
839 1987 993 2025 funepen-

158 2030 243 2068 dulc,
258 2041 328 2071 quae
342 2036 569 2070 comparantur,
595 2030 629 2060 in
651 2029 841 2070 cycloidibus
855 2035 911 2059 aut
931 2028 992 2059 sal-

158 2080 223 2103 tem
243 2073 277 2103 in
291 2072 421 2114 exiguis¹
433 2073 540 2113 magni
562 2072 669 2103 circuli
690 2074 823 2102 arcubus
847 2071 989 2102 oscillari.

160 2118 177 2135 ὓ
197 2115 341 2146 Pondera
355 2121 459 2145 autem
473 2124 637 2153 corporum
651 2114 702 2144 hic
716 2113 831 2153 duplici
848 2113 888 2144 de
902 2112 995 2144 causa

160 2168 179 2188 a
193 2157 322 2188 materia
335 2157 473 2197 ipsorum
495 2156 748 2197 distinguuntur3
773 2156 881 2195 primo,
909 2155 994 2196 quod

158 2200 300 2231 nondum
320 2199 434 2230 assumi
457 2199 552 2239 possit
573 2199 753 2240 gravitatem
774 2208 865 2239 agere
883 2208 994 2228 secun·

157 2242 234 2273 dum
249 2243 400 2273 rationem
415 2251 595 2278 massarum,
611 2251 684 2272 cum
698 2241 732 2271 id
750 2241 852 2279 ipsum
875 2250 912 2270 ex
934 2240 993 2271 isto

160 2286 365 2316 Theoremate
385 2291 491 2324 postea
512 2284 693 2321 deducatur,
723 2283 795 2315 Cor.
813 2287 866 2320 7.;
893 2288 924 2313 et
946 2293 993 2312 se-

157 2327 271 2365 cundo,
287 2327 321 2357 in
335 2326 461 2357 diversis
475 2327 551 2357 locis
564 2326 696 2367 gravitas
710 2326 828 2356 diversa
849 2336 914 2356 esse
938 2335 992 2364 po-

157 2377 217 2401 test
232 2371 283 2411 (ut
297 2369 423 2410 quidem
432 2379 469 2399 ex
482 2369 699 2408 experimentis
710 2368 843 2408 constat)
860 2367 992 2408 ideoque

157 2422 322 2452 corporum
335 2412 480 2451 ,duorum
500 2411 535 2441 in
556 2411 681 2442 diversis
694 2412 732 2441 iis
747 2411 821 2442 locis
842 2417 991 2449 spectato-

156 2465 228 2485 rum
242 2455 319 2485 ratio
333 2455 468 2485 materiae
482 2453 591 2485 eadem
610 2454 755 2491 manebit,
779 2463 842 2484 non
857 2451 930 2484 vero
943 2463 992 2483 ra-

157 2497 202 2528 tio
216 2497 399 2536 ponderum.

201 2540 250 2582 (¹¹)
266 2542 339 2572 Jam
353 2539 420 2571 verb
435 2541 461 2571 si
466 2540 606 2580 pendula
614 2539 749 2580 ejusdem
757 2540 818 2570 sint
831 2539 993 2578 longitudi-

157 2584 217 2619 nis,
238 2584 314 2614 vires
328 2584 468 2614 matrices
482 2583 517 2613 in
530 2584 602 2613 Iocis
615 2594 634 2612 a
646 2583 864 2622 perpendiculo
885 2591 994 2622 aequa-

157 2626 226 2655 liter
239 2626 421 2656 distantibus
434 2631 508 2656 sum
522 2631 556 2656 ue
568 2627 714 2665 pondera.

202 2670 220 2686 ”
239 2667 324 2697 Nam
344 2668 368 2698 si
391 2666 529 2707 pendula
547 2666 687 2708 ejusdem
701 2667 763 2697 sint
776 2664 990 2706 longitudinis,

159 2709 311 2749 cycloides
333 2709 426 2748 plane
450 2709 565 2740 similes
590 2715 622 2740 et
644 2709 777 2750 aequales
802 2708 987 2739 describent:

159 2752 194 2782 in
208 2751 394 2791 unaquaque
415 2758 520 2783 autem
534 2751 682 2792 cycloide‚
705 2752 784 2782 vires
798 2751 910 2791 quibus
924 2760 992 2781 cor-

159 2804 234 2833 pora
253 2793 286 2823 in
309 2794 383 2824 locis
403 2795 562 2834 quibusvis
585 2795 628 2831 D,
657 2794 734 2832 (vid.
742 2796 803 2837 fig.
818 2805 889 2833 pag.
909 2796 991 2834 seq.)

159 2836 208 2867 vel
223 2836 244 2866 d
259 2836 474 2873 accelerantur,
497 2842 571 2867 sunt
584 2836 624 2867 ad
638 2842 740 2867 totum
754 2835 870 2876 singuli
885 2845 993 2874 corpo-

159 2879 202 2909 ris
224 2878 347 2918 pondus
366 2878 401 2908 iu
416 2878 490 2908 locis
504 2879 669 2915 altissimis,
695 2885 731 2909 ut
744 2889 835 2909 arcus
849 2877 994 2917 cycloidis

161 2921 243 2951 inter
263 2920 331 2951 loca
344 2921 499 2959 proposita
514 2921 559 2958 D,
575 2921 596 2951 d
611 2928 643 2952 et
656 2928 773 2960 puncta
786 2920 895 2950 infima
912 2920 948 2955 C,
965 2930 991 2956 c,

159 2964 201 2994 ad
222 2970 301 2994 totas
322 2962 567 3003 semi-cycloides
609 2965 680 2995 Cor.
702 2964 796 3002 Prop.
816 2963 897 2993 LII.
924 2962 991 2993 Lib.

161 3006 210 3045 Ι.)
257 3006 344 3046 Ergo
358 3005 384 3035 si
398 3004 586 3045 semi-cycloi
608 3016 640 3037 es
654 3007 716 3037 sint
730 3005 863 3046 aequales
877 3011 908 3036 et
929 3005 997 3035 loca
1018 3040 1020 3045 y

162 3048 197 3079 D
219 3054 250 3079 et
264 3048 285 3078 d
301 3058 320 3078 a
338 3047 559 3087 perpendiculo
580 3049 739 3090 aequaliter
761 3048 884 3084 distent,
907 3057 996 3078 arcus

161 3090 196 3122 D
214 3091 240 3123 C
256 3097 286 3122 et
301 3090 322 3121 d
336 3100 353 3123 c
368 3095 460 3121 erunt
474 3090 615 3132 aequales,
643 3090 777 3132 ideoque
793 3090 838 3122 vis
851 3089 914 3132 qua
928 3099 996 3121 cor-

1036 1986 1096 2017 erit
1116 1985 1158 2016 ad
1179 1991 1280 2015 totum
1300 1985 1367 2026 ejus
1387 1984 1523 2024 corporis
1541 1983 1675 2024 pondus,
1695 1990 1734 2015 ut
1754 1984 1800 2015 vis
1820 1983 1884 2025 qua

1035 2038 1148 2067 corpus
1172 2027 1359 2058 acceleratur
1379 2027 1413 2057 in
1435 2026 1531 2057 altera
1546 2026 1685 2066 cycloide
1706 2026 1740 2056 in
1762 2033 1881 2066 puncto

1037 2070 1069 2108 d,
1092 2070 1132 2101 ad
1146 2076 1249 2101 totum
1264 2070 1331 2110 ejus
1346 2070 1482 2108 corporis
1501 2068 1634 2108 ponduS.
1682 2068 1778 2099 Unde
1792 2069 1882 2099 vicis-

1038 2113 1106 2150 sim,
1119 2113 1164 2142 vis
1173 2112 1235 2152 quii
1245 2112 1433 2142 acceleratur
1442 2111 1579 2151 primum
1591 2121 1704 2150 corpus
1718 2111 1750 2141 in
1763 2117 1881 2151 puncto

1039 2155 1084 2191 D,
1100 2161 1146 2185 est
1159 2155 1200 2185 ad
1214 2154 1276 2184 vim
1293 2153 1356 2194 qua
1367 2153 1499 2184 alterum
1514 2153 1700 2183 acceleratur
1714 2153 1748 2183 in
1762 2159 1880 2192 puncto

1037 2196 1068 2232 d,
1092 2203 1128 2227 ut
1142 2203 1243 2227 totum
1258 2196 1367 2235 prioris
1388 2196 1524 2234 corporis
1544 2195 1676 2234 pondus,
1693 2195 1732 2226 ad
1755 2195 1879 2234 pondus

1037 2239 1165 2270 alterius
1176 2239 1321 2277 corporis,
1333 2236 1466 2278 ide6que
1477 2239 1503 2268 si
1511 2239 1650 2277 pendula
1664 2239 1729 2269 sint
1743 2238 1879 2278 ejusdem

1037 2283 1236 2321 longitudinis
1250 2282 1327 2312 vires
1342 2282 1491 2316 motriccs,
1508 2280 1563 2309 διο.
1613 2280 1654 2315 Q,
1669 2289 1695 2309 e.
1714 2280 1746 2310 d.

1081 2324 1122 2366 (ἰ)
1151 2326 1232 2355 Cum
1251 2329 1385 2363 tempora
1412 2324 1522 2363 qulbus
1551 2333 1676 2362 corpora
1705 2323 1878 2354 describant

1035 2368 1170 2407 singulas
1182 2377 1317 2397 arcuum
1321 2371 1425 2405 partes
1438 2364 1599 2407 (aequales)
1613 2369 1877 2405 correspondentes

1036 2411 1096 2441 sint
1112 2416 1147 2440 ut
1164 2415 1298 2448 tempora
1312 2409 1533 2439 oscillationum
1547 2413 1692 2438 lotarum.

1079 2454 1096 2472 ἢ*
1118 2452 1186 2482 Sint
1210 2461 1298 2481 arcus
1322 2450 1355 2480 D
1373 2451 1410 2486 C,
1434 2450 1454 2480 d
1469 2460 1486 2480 c
1502 2449 1644 2489 aequales,
1671 2455 1875 2491 secenturque

1039 2495 1071 2524 in
1094 2500 1195 2534 partes
1218 2492 1351 2534 aequales
1377 2491 1499 2522 infinite
1524 2502 1631 2531 parvas
1659 2492 1693 2522 D
1710 2492 1750 2528 E,
1779 2493 1810 2523 Ε
1835 2493 1872 2528 F,

1038 2538 1115 2574 &03
1132 2536 1154 2567 d
1168 2547 1195 2573 e,
1212 2546 1230 2566 e
1243 2536 1265 2571 f,
1281 2536 1351 2572 δια,
1368 2545 1405 2565 ex
1421 2535 1543 2573 punctis
1560 2534 1603 2570 D,
1618 2534 1659 2571 E,
1676 2534 1703 2564 F
1717 2540 1748 2565 et
1761 2534 1792 2571 d,
1805 2546 1832 2572 e,
1847 2535 1872 2573 f,

1038 2579 1194 2610 ducantur
1208 2577 1476 2618 perpendiculares
1490 2576 1530 2607 ad
1544 2587 1643 2613 axem,
1664 2577 1697 2607 D
1714 2577 1762 2614 M,
1781 2577 1811 2608 E
1826 2578 1870 2615 N,

1040 2622 1068 2652 F
1086 2623 1135 2659 R;
1166 2621 1199 2652 D
1213 2631 1256 2657 m,
1279 2631 1297 2650 e
1312 2630 1343 2655 n,
1360 2620 1423 2658 fr3
1451 2619 1546 2660 liquet
1572 2618 1700 2649 lineolas
1726 2619 1766 2650 M
1783 2620 1815 2650 N
1841 2626 1874 2650 et

1037 2674 1069 2695 m
1085 2675 1114 2700 n,
1134 2665 1173 2695 M
1192 2664 1223 2694 R.
1246 2669 1276 2694 et
1300 2673 1332 2692 m
1347 2673 1363 2693 r
1377 2673 1413 2693 ex
1442 2661 1600 2702 hypothesi
1625 2661 1692 2691 fore
1717 2662 1870 2702 aequales3

1035 2717 1073 2738 ex
1088 2706 1201 2738 natura
1215 2712 1319 2737 autem
1333 2705 1498 2747 gravitatis,
1520 2703 1664 2733 velocitas
1677 2704 1823 2745 acquisita
1838 2705 1872 2736 in

1037 2750 1068 2781 E
1094 2750 1152 2780 erit
1166 2749 1206 2780 ad
1220 2748 1412 2778 velocitatem
1432 2746 1611 2787 acquisitam
1633 2746 1665 2776 in
1685 2746 1712 2777 F
1726 2753 1762 2777 ut
1783 2747 1871 2780 radix

1036 2792 1208 2823 altitudinis
1224 2792 1262 2821 M
1278 2791 1310 2821 N
1325 2790 1364 2821 ad
1378 2790 1512 2820 radicem
1531 2789 1569 2819 M
1585 2789 1625 2824 R,
1649 2794 1680 2819 et
1693 2789 1806 2828 pariter
1819 2800 1871 2820 ve-

1036 2834 1143 2865 locitas
1165 2833 1312 2874 acquisita
1326 2833 1358 2862 in
1374 2843 1401 2869 e,
1423 2832 1484 2870 erit
1498 2831 1538 2861 ad
1553 2831 1743 2862 velocitatem
1765 2833 1870 2873 acqui-

1036 2878 1128 2908 sitam
1156 2877 1190 2906 in
1214 2876 1286 2906 fut
1312 2877 1443 2916 4lmn
1468 2875 1507 2905 ad
1532 2875 1574 2913 μ
1599 2883 1671 2910 mr,
1698 2885 1770 2905 cum
1795 2885 1870 2916 ergo

1039 2922 1082 2960 «Ι
1103 2918 1502 2957 MN=4lmnet4l
1523 2917 1871 2957 MR=4lmrve-

1040 2962 1147 2993 locitas
1162 2960 1309 3001 acquisita
1323 2960 1354 2990 in
1374 2960 1402 2989 E
1419 2966 1465 2989 est
1479 2958 1519 2989 ad
1533 2959 1727 2990 velocitatem
1740 2960 1871 3000 acquisi-

1038 3011 1102 3035 tam
1116 3004 1150 3034 in
1168 3004 1203 3039 F,
1220 3010 1256 3034 ut
1270 3002 1414 3033 velocitas
1425 3002 1573 3042 acquisita
1587 3003 1620 3032 in
1635 3012 1652 3032 e
1674 3008 1720 3033 est
1732 3002 1773 3033 ad
1786 3003 1871 3033 velo-

1038 3047 1163 3078 citatem
1179 3045 1358 3086 acquisitam
1374 3044 1406 3074 in
1422 3045 1444 3081 f,
1468 3050 1499 3074 et
1513 3044 1647 3075 vicissim
1661 3044 1806 3076 velocitas
1819 3055 1871 3075 ac-

1039 3089 1152 3131 quisita
1165 3089 1199 3119 in
1215 3088 1258 3120 E.
1274 3093 1320 3119 est
1333 3086 1374 3119 ad
1384 3087 1576 3119 velocitatem
1591 3087 1771 3126 acquisitam
1785 3087 1819 3118 in
1833 3098 1871 3125 e;

977 3145 1048 3178 ΚΩ
