2066 3548
247 242 330 279 212
677 237 1128 281 PHILOSOPHIAE
1159 237 1522 282 NATURALIS
1543 280 1546 283 .
1596 238 1741 291 [Mor.
1757 238 1963 290 Commu..¹

244 357 356 391 trum
374 339 599 401 foraminis,
625 357 667 392 et
688 350 731 392 G
754 350 803 391 H
823 349 911 391 axis
932 349 1107 406 cylindri
1126 349 1331 391 horizonti
1350 350 1715 405 perpendicularis·
1767 350 1824 393 Et
1843 345 1956 409 fing'e

244 422 478 478 cylindrum
496 422 643 479 glaciei
665 423 706 464 A
729 422 765 464 P
783 422 826 471 Q
848 423 885 464 B
906 422 1089 478 ejusdem
1110 438 1199 464 esse
1219 423 1447 465 latitudinis
1469 438 1564 466 cum
1583 425 1756 466 cavitate
1775 425 1896 475 vasis,
1917 432 1960 467 et

245 510 367 538 axem
396 484 597 538 eumdem*
617 495 787 546 habere,
830 503 872 537 et
899 496 1095 537 uniformi
1126 511 1221 538 cum
1250 505 1366 539 motu
1397 506 1599 553 perpetuo
1625 498 1887 550 descendere,
1917 505 1960 541 et

243 576 382 624 partes
417 570 503 624 ejus
533 582 658 623 quam
685 568 868 622 primum
897 568 1105 624 attingunt
1135 568 1395 623 superficiem
1426 569 1467 611 A
1499 569 1536 611 B
1566 569 1804 625 liquescere,
1844 577 1887 612 et
1913 570 1960 612 in

244 656 392 698 aquam
412 655 630 682 conversas
650 641 852 698 gravitate
872 640 943 682 sua
965 641 1148 683 defluere
1168 643 1211 683 in
1231 658 1302 684 vas
1314 659 1325 692 ;
1359 651 1401 685 et
1430 652 1678 686 cataractam
1706 645 1773 686 vel
1801 645 1959 689 colum-

243 729 340 757 nam
360 728 478 770 aquae
500 714 540 755 A
563 714 600 755 B
622 713 665 755 N
688 714 723 755 F
745 713 783 755 E
806 714 857 755 M
880 713 1068 755 cadendo
1086 714 1279 766 formare,
1302 723 1343 757 et
1362 731 1438 771 per
1451 716 1638 759 foramen
1660 717 1698 760 E
1714 715 1749 760 F
1769 717 1957 769 transire,

244 785 436 841 idemque
464 784 679 840 adaequate
709 785 896 839 implere.
958 784 1023 825 Ea
1052 783 1151 826 vero
1180 786 1231 826 sit
1260 785 1473 828 uniformis

250 856 441 898 velocitas
469 856 615 913 glaciei
635 856 924 898 descendentis
945 864 991 897 ut
1011 864 1053 898 et
1072 872 1191 913 aquae
1212 857 1418 913 contiguae
1436 858 1480 917 iu

244 929 401 970 circulo
422 929 463 969 A
485 928 535 978 B,
570 943 693 984 quam
714 943 820 984 aqua
844 927 1030 969 cadendo
1061 927 1105 984 (¹⁹)
1130 937 1172 970 et
1192 943 1289 970 casu
1310 943 1384 970 suo
1404 928 1478 970 de-

245 999 463 1041 scribendo
476 999 735 1040 altitudinem
752 999 774 1040 I
793 999 841 1040 H
854 1000 1065 1056 acquirere
1079 1008 1239 1055 potest3
1261 1002 1474 1056 etjaceant

246 1072 267 1113 I
292 1072 340 1113 H
363 1080 404 1113 et
426 1072 475 1114 H
497 1072 541 1114 G
560 1073 604 1112 in
625 1071 840 1121 directum,
873 1079 914 1112 et
932 1085 1008 1125 per
1036 1079 1239 1126 punctum
1260 1072 1282 1114 I
1303 1071 1479 1113 ducatur

248 1152 360 1185 recta
383 1144 425 1184 K
449 1144 487 1185 L
508 1143 714 1184 horizonti
733 1142 931 1197 parallela
951 1150 992 1183 et
1010 1142 1206 1184 lateribus
1237 1143 1384 1200 glaciei
1408 1158 1478 1184 oc-

245 1230 414 1257 currens
434 1216 477 1255 in
501 1215 543 1256 K
559 1222 599 1255 et
620 1215 674 1257 L,
737 1214 794 1255 Et
814 1214 1008 1255 velocitas
1029 1229 1148 1270 aquae
1176 1214 1377 1256 effluentis
1405 1229 1481 1270 per

244 1286 431 1327 foramen
454 1286 491 1327 E
514 1285 549 1326 F
580 1286 631 1340 (g)
654 1301 703 1326 ea
724 1285 802 1326 erit
825 1299 949 1341 quam
981 1300 1087 1340 aqua
1117 1285 1305 1326 cadendo
1325 1285 1378 1326 ab
1399 1285 1419 1326 I
1441 1293 1482 1327 et

245 1369 342 1395 casu
387 1369 462 1395 suo
507 1354 779 1395 describendo
818 1355 1078 1397 altitudinem
1123 1357 1145 1398 I
1178 1357 1220 1398 G
1264 1358 1478 1413 acquirere

244 1434 392 1480 potest.
444 1425 494 1480 (¹¹)
519 1425 703 1482 Ideoque
723 1441 798 1481 per
816 1427 1095 1469 Theoremata
1117 1427 1283 1470 Galilaei
1303 1429 1380 1470 erit
1401 1429 1423 1469 I
1439 1427 1481 1470 G

245 1497 298 1538 ad
321 1498 341 1538 I
365 1497 413 1538 H
435 1497 474 1536 in
499 1496 707 1551 duplicata
738 1498 896 1539 ratione
925 1499 1153 1541 velocitatis
1183 1515 1302 1556 aquae
1320 1515 1397 1555 per
1416 1500 1480 1540 fo-

245 1584 389 1610 ramen
411 1568 614 1610 effluentis
636 1569 687 1610 ad
709 1570 966 1611 velocitatem
987 1587 1105 1627 aquae
1125 1572 1170 1613 in
1189 1573 1344 1613 circulo
1366 1574 1404 1614 A
1427 1573 1478 1623 Β,
1500 1573 1581 1615 hoc
1595 1579 1669 1623 est,
1691 1572 1736 1612 in
1756 1566 1964 1625 duplicata

245 1641 406 1681 ratione
427 1639 570 1680 circuli
591 1640 631 1680 A
651 1640 687 1681 B
708 1640 762 1681 ad
782 1640 982 1682 circulum
1004 1641 1042 1682 E
1065 1641 1122 1691 F3
1139 1647 1141 1649 ’
1156 1641 1198 1698 (¹)
1220 1657 1318 1684 nam
1336 1643 1382 1683 hi
1401 1643 1544 1684 circuli
1571 1650 1667 1684 sunt
1685 1639 1895 1696 reciproce²
1915 1647 1964 1681 ut

245 1713 483 1754 velocitates
504 1704 705 1768 aquarum
727 1727 819 1768 quae
838 1728 915 1768 per
944 1714 1055 1770 ipsos
1086 1714 1230 1756 eodem
1259 1723 1444 1770 tempore
1471 1723 1513 1756 et
1541 1714 1692 1770 aequali
1723 1713 1963 1769 quantitate,

247 1783 463 1839 adaequate
491 1790 718 1824 transeunt.
778 1783 848 1824 De
877 1784 1091 1826 velocitate
1123 1799 1242 1840 aquae
1270 1785 1527 1827 horizontem
1556 1783 1699 1826 versus
1726 1784 1795 1826 hic
1815 1785 1963 1842 agitur.

249 1856 307 1898 Et
325 1864 462 1896 motus
483 1855 688 1896 horizonti
707 1855 941 1910 parallelus,
974 1871 1057 1911 quo
1075 1865 1214 1911 partes
1235 1871 1352 1912 aquae
1373 1857 1557 1899 cadentis
1577 1858 1631 1898 ad
1651 1857 1827 1898 invicem
1847 1856 1964 1896 acce-

249 1928 366 1978 dunt,
390 1926 483 1967 cum
504 1941 591 1967 non
611 1926 767 1967 oriatur
787 1942 812 1967 a
831 1927 1044 1982 gravitate,
1074 1942 1152 1969 nec
1171 1935 1330 1968 motum
1356 1927 1562 1969 horizonti
1580 1925 1965 1982 perpendicularem

249 2013 273 2038 a
292 1997 493 2054 gravitate
515 1996 738 2037 oriundum
758 2004 901 2047 mutet,
937 1997 1002 2038 hic
1022 2012 1107 2038 non
1128 1998 1423 2039 consideratur.
1487 1998 1767 2052 Supponimus
1797 1996 1965 2052 quidem

250 2069 362 2125 quod
381 2076 520 2124 partes
544 2083 663 2123 aquae
685 2068 984 2123 aliquantulum
1005 2070 1228 2121 cohaerent,
1251 2078 1293 2111 et
1310 2085 1387 2125 per
1408 2070 1684 2112 cohaesionem
1714 2083 1830 2111 suam
1857 2069 1965 2111 inter

1704 1399 1767 1406 -----

252 2209 466 2251 legarithmica
480 2209 570 2250 cujus
584 2211 772 2251 subtangens
787 2215 832 2240 est
845 2210 955 2247 unitas,
983 2211 1033 2242 vel
1053 2211 1088 2242 in

252 2251 422 2293 hyperbola
434 2253 527 2294 cujus
540 2252 674 2293 dignitas
689 2260 735 2283 est
753 2256 765 2283 1
777 2265 788 2291 ς
811 2254 941 2284 habetur
952 2254 1026 2294 ergo
1040 2254 1086 2284 lo-

255 2321 427 2361 garithmus
435 2320 592 2361 quaesitus,
600 2320 625 2350 si
636 2320 839 2361 logarithmus
848 2331 970 2352 numeri
1019 2349 1048 2378 Τ

255 2399 294 2419 ex
309 2389 422 2419 tabulis
444 2395 587 2428 sumptus
608 2389 829 2429 multiplicetur
849 2400 904 2428 per
925 2400 1091 2421 numerum

257 2435 288 2469 2,
302 2435 569 2463 302585092994.

238 2505 247 2507 r
301 2473 342 2514 (f)
361 2477 377 2493 ·
397 2476 437 2507 Et
448 2484 524 2505 casu
535 2485 590 2505 suo
602 2475 794 2505 describendo
806 2476 1000 2507 altitudinem
1012 2476 1034 2506 I
1043 2476 1087 2506 H.

261 2515 336 2548 Hac
359 2516 456 2557 igitur
480 2516 641 2555 hypothesi
667 2516 750 2546 idem
775 2523 935 2555 praestatur
955 2527 991 2547 ac
1013 2517 1038 2547 si
1059 2517 1092 2546 in

259 2559 326 2589 loco
345 2559 372 2588 A
391 2559 418 2589 B
431 2568 510 2589 nova
520 2558 694 2597 superficies
710 2568 799 2598 aquae
813 2558 962 2590 continuo
976 2569 1092 2590 creare-

259 2608 320 2638 tur,
336 2611 407 2631 cum
424 2607 509 2631 motu
526 2601 636 2630 initiali
648 2600 770 2640 qualem
783 2601 923 2632 cadendo
937 2612 976 2632 ex
986 2602 1089 2632 altitu·

256 2642 333 2673 dine
349 2643 365 2673 1
382 2643 417 2673 H
432 2642 555 2683 singula
569 2643 636 2683 ejus
650 2642 821 2681 superficiei
830 2643 979 2682 particula
990 2643 1092 2683 acqui-

260 2695 326 2716 rere
340 2685 497 2724 potuisset‚
521 2691 552 2715 et
572 2684 684 2715 delnde
705 2685 865 2723 particulae
885 2696 972 2725 aquae
987 2697 1004 2716 e
1026 2686 1094 2716 loco

264 2729 294 2758 A
314 2728 342 2758 B
358 2728 386 2757 vi
409 2728 540 2766 propriae
561 2725 718 2768 gravitatis
738 2726 876 2757 cadendo
896 2738 962 2758 sese
982 2727 1094 2758 mutu&

261 2770 448 2800 attraherent
463 2769 691 2800 horizontaliter
711 2769 751 2799 ad
772 2775 954 2800 cataractam
975 2770 1023 2800 vel
1046 2780 1096 2800 co-

262 2812 403 2842 lumnam
421 2813 452 2842 A
470 2813 499 2843 B
518 2812 551 2843 N
569 2812 595 2842 F
613 2812 643 2843 E
661 2811 699 2842 Μ
722 2811 924 2842 formandam.

304 2866 384 2907 (θ’
403 2868 454 2898 En
469 2869 525 2898 eric
541 2878 636 2908 quam
651 2877 732 2908 aqua
749 2867 818 2907 (per
836 2866 953 2907 Hyp.).

305 2925 352 2966 (¹¹)
391 2928 408 2946 ¹*
442 2926 530 2968 Ide6q
532 2937 571 2958 ue
613 2937 673 2967 per
727 2927 923 2958 Theoremata
978 2926 1100 2958 Galiloei

264 2966 442 2998 XXVIII.
463 2939 532 2999 Lib.
555 2968 582 2999 1.

306 3015 347 3056 (ἱ)
364 3018 553 3047 271.N1m
568 3017 600 3047 Ιιὶ
610 3017 729 3052 circuli,
745 3015 801 3046 διε.
844 3014 1002 3052 Quoniam
1017 3026 1099 3056 aqua

262 3065 316 3096 per
339 3062 435 3088 totam
461 3064 643 3089 cataractam
673 3059 702 3088 A
723 3058 751 3088 B
769 3058 802 3088 N
819 3057 846 3089 F
863 3057 893 3089 Ε
910 3058 959 3095 M,
990 3059 1098 3089 eodem

243 3097 383 3138 'semper
397 3105 503 3130 tenore
525 3099 619 3130 fluere
641 3100 835 3139 supponitur,
860 3110 982 3131 necesse
997 3106 1042 3131 est
1064 3107 1100 3131 ut

961 2296 1089 2338 .T÷t
1132 2308 1154 2338 g

1131 2211 1239 2243 eadem
1267 2221 1355 2253 aquae
1383 2212 1536 2253 quantitas
1564 2222 1619 2252 per
1642 2212 1781 2254 singulas
1806 2216 1964 2244 cataract-

1131 2261 1282 2285 sectiones
1296 2255 1346 2284 axi
1365 2255 1380 2285 1
1401 2256 1430 2286 G
1445 2255 1722 2294 perpendiculares,
1747 2265 1803 2285 seu
1823 2265 1879 2294 per
1899 2254 1964 2285 ain·

1156 2297 1223 2327 ulos
1237 2298 1367 2327 circulos
1385 2299 1415 2327 A
1434 2299 1473 2335 B,
1492 2299 1529 2328 M
1547 2298 1589 2332 N,
1608 2298 1635 2327 E
1654 2297 1680 2328 F
1694 2298 1844 2328 horizonti
1864 2296 1965 2336 panl-

1134 2339 1209 2369 lelos
1237 2339 1344 2370 eodem
1374 2346 1511 2379 tempore
1526 2346 1679 2370 transeat.
1729 2340 1814 2370 Nam
1841 2338 1867 2369 si
1890 2339 1965 2369 dato

1134 2388 1271 2421 tempore
1292 2383 1391 2423 major
1406 2383 1453 2413 vel
1468 2381 1569 2412 minor
1583 2392 1670 2421 aquae
1684 2382 1772 2421 copia
1792 2391 1846 2420 per
1865 2381 1965 2412 circu·

1134 2424 1201 2453 lum
1227 2425 1256 2454 A
1276 2425 1304 2454 B
1326 2434 1418 2464 quam
1441 2435 1495 2463 per
1518 2424 1669 2454 circulum
1691 2424 1730 2454 Μ
1747 2424 1779 2454 N
1800 2423 1962 2461 Μυσὴ-είς

1135 2476 1214 2506 aqua
1234 2466 1314 2497 inter
1328 2466 1397 2497 illos
1410 2466 1540 2497 circulos
1554 2465 1602 2497 vel
1615 2466 1832 2496 intumesceret
1844 2465 1894 2496 vel
1908 2465 1964 2498 de-

1126 2510 1290 2545 cresceret,
1313 2515 1344 2539 et
1365 2515 1522 2540 cataractae
1545 2509 1674 2550 figuram
1693 2514 1828 2540 mutaret
1842 2505 1966 2549 (contra

1138 2551 1224 2590 Hyp.
1231 2550 1254 2590 )·
1281 2530 1448 2587 Quantitas
1463 2561 1549 2592 aquae
1565 2561 1619 2590 per
1632 2550 1783 2581 circulum
1797 2549 1966 2592 quemliboe

1137 2593 1175 2623 M
1194 2594 1235 2629 N,
1262 2592 1334 2624 dato
1358 2599 1494 2632 tempore
1519 2592 1642 2624 fluentis
1666 2599 1804 2633 aequatur
1825 2589 1966 2632 cylindro

1135 2645 1242 2675 nqueo,
1267 2636 1355 2676 cujus
1369 2636 1448 2666 basis
1462 2641 1506 2665 est
1521 2635 1654 2666 circulus
1670 2636 1704 2666 M
1725 2635 1767 2672 N,
1790 2641 1822 2666 et
1835 2633 1966 2666 dando

1136 2685 1181 2750 3⁵1⁸
1197 2679 1332 2755 ἒῳὲῖιῖῗ
1345 2677 1856 2760 ἒὲἃξῖἓιῗᾜεῖἷῗεῗΫὼΨ
1876 2686 1964 2759 '31⁰3

1139 2762 1307 2803 gradiendo
1331 2762 1439 2793 eodem
1462 2768 1599 2802 tempore
1619 2762 1691 2793 dato
1712 2762 1913 2801 describeret,
1934 2765 1967 2792 et

1139 2805 1215 2845 long
1216 2805 1302 2836 itudo
1322 2804 1376 2835 illa
1396 2811 1442 2835 est
1462 2811 1498 2835 ut
1518 2815 1606 2846 aquoe
1627 2815 1682 2845 per
1704 2805 1854 2836 circulum
1876 2803 1916 2835 Μ
1931 2802 1966 2836 N

1139 2815 1263 2879 fluegntis
1283 2847 1424 2878 velocitas
1446 2848 1491 2888 (5.
1514 2847 1583 2878 Lib.
1605 2847 1649 2888 1.)
1673 2854 1705 2878 et
1725 2846 1795 2878 ideo
1814 2844 1968 2887 quantine

1141 2899 1230 2930 aquae
1245 2899 1300 2929 per
1313 2889 1463 2920 circulum
1482 2890 1518 2920 M
1536 2890 1568 2920 N
1589 2889 1662 2920 dato
1683 2896 1819 2929 tempore
1833 2887 1967 2925 fluentia,

1142 2938 1188 2962 est
1212 2939 1248 2962 ut
1272 2932 1405 2963 circulus
1431 2933 1469 2962 M
1487 2932 1518 2962 N
1545 2939 1575 2963 et
1596 2932 1739 2963 velocitas
1745 2899 1962 2981 conjunctim.

1146 2973 1251 3010 Quare
1270 2973 1342 3005 cum
1357 2973 1428 3004 data
1441 2974 1480 3004 sit
1494 2974 1648 3015 quantitas
1661 2984 1800 3015 aquaepe
1762 2983 1816 3013 per
1829 2970 1968 3045 §uffan

1140 3016 1270 3048 circulos
1284 3017 1355 3048 dato
1369 3022 1506 3055 tempore
1520 3017 1715 3054 transeuntis,
1731 3016 1864 3047 circulus
1934 3013 1968 3046 N

1141 3064 1186 3089 est
1200 3058 1350 3099 reciproce
1372 3065 1409 3089 ut
1430 3059 1573 3090 velocitas
1592 3069 1681 3101 aque
1701 3069 1772 3100 qua
1791 3067 1846 3098 per
1865 3057 1968 3097 ipsun

1142 3101 1258 3132 transit.
1307 3102 1348 3137 Q.
1366 3111 1393 3131 e.
1411 3100 1441 3131 d.
