<?xml version="1.0" encoding="UTF-8"?>
<!DOCTYPE html PUBLIC "-//W3C//DTD XHTML 1.0 Transitional//EN"
    "http://www.w3.org/TR/xhtml1/DTD/xhtml1-transitional.dtd">
<html xmlns="http://www.w3.org/1999/xhtml" xml:lang="en" lang="en">
 <head>
  <title>
</title>
<meta http-equiv="Content-Type" content="text/html;charset=utf-8" />
  <meta name='ocr-system' content='tesseract 3.04.00' />
  <meta name='ocr-capabilities' content='ocr_page ocr_carea ocr_par ocr_line ocrx_word'/>
</head>
<body>
  <div class='ocr_page' id='page_1' title='image "./philosophiaenatu02newtuoft_0114.png"; bbox 0 0 2066 3548; ppageno 0'>
   <div class='ocr_carea' id='block_1_1' title="bbox 233 208 1937 266">
    <p class='ocr_par' dir='ltr' id='par_1_1' title="bbox 233 208 1937 266">
     <span class='ocr_line' id='line_1_1' title="bbox 233 208 1937 266; baseline -0.007 -2"><span class='ocrx_word' id='word_1_1' title='bbox 233 229 314 266; x_wconf 84' lang='lat'><strong>100</strong></span> <span class='ocrx_word' id='word_1_2' title='bbox 665 214 1115 261; x_wconf 84' lang='lat' dir='ltr'>PHILOSOPHIAE</span> <span class='ocrx_word' id='word_1_3' title='bbox 1146 209 1508 255; x_wconf 89' lang='lat' dir='ltr'>NATURALIS</span> <span class='ocrx_word' id='word_1_4' title='bbox 1569 208 1937 261; x_wconf 72' lang='lat' dir='ltr'><strong>[Mor,Con1³on.</strong></span> 
     </span>
    </p>
   </div>
   <div class='ocr_carea' id='block_1_2' title="bbox 235 329 1289 1024">
    <p class='ocr_par' dir='ltr' id='par_1_2' title="bbox 235 329 1289 1024">
     <span class='ocr_line' id='line_1_2' title="bbox 295 329 1289 379; baseline -0.01 0"><span class='ocrx_word' id='word_1_5' title='bbox 295 338 425 379; x_wconf 85' lang='lat' dir='ltr'><strong>Corol.</strong></span> <span class='ocrx_word' id='word_1_6' title='bbox 457 335 502 378; x_wconf 89' lang='lat' dir='ltr'><strong>Si</strong></span> <span class='ocrx_word' id='word_1_7' title='bbox 516 341 665 377; x_wconf 88' lang='lat' dir='ltr'><strong>centro</strong></span> <span class='ocrx_word' id='word_1_8' title='bbox 695 334 740 376; x_wconf 94' lang='lat' dir='ltr'>D</span> <span class='ocrx_word' id='word_1_9' title='bbox 773 331 1097 374; x_wconf 84' lang='lat' dir='ltr'><strong>semi-diametro</strong></span> <span class='ocrx_word' id='word_1_10' title='bbox 1117 329 1161 370; x_wconf 93' lang='lat' dir='ltr'>D</span> <span class='ocrx_word' id='word_1_11' title='bbox 1180 329 1220 371; x_wconf 92' lang='lat' dir='ltr'>A</span> <span class='ocrx_word' id='word_1_12' title='bbox 1283 352 1289 361; x_wconf 93' lang='lat'>·</span> 
     </span>
     <span class='ocr_line' id='line_1_3' title="bbox 237 402 1222 464; baseline -0.006 -15"><span class='ocrx_word' id='word_1_13' title='bbox 237 423 312 464; x_wconf 88' lang='lat' dir='ltr'><strong>per</strong></span> <span class='ocrx_word' id='word_1_14' title='bbox 346 407 542 449; x_wconf 87' lang='lat' dir='ltr'><strong>verticem</strong></span> <span class='ocrx_word' id='word_1_15' title='bbox 572 407 613 447; x_wconf 94' lang='lat' dir='ltr'>A</span> <span class='ocrx_word' id='word_1_16' title='bbox 643 405 816 447; x_wconf 82' lang='lat' dir='ltr'><strong>ducatur</strong></span> <span class='ocrx_word' id='word_1_17' title='bbox 845 419 963 445; x_wconf 82' lang='lat' dir='ltr'><strong>arcus</strong></span> <span class='ocrx_word' id='word_1_18' title='bbox 984 403 1025 445; x_wconf 90' lang='lat' dir='ltr'>A</span> <span class='ocrx_word' id='word_1_19' title='bbox 1044 410 1062 444; x_wconf 87' lang='lat' dir='ltr'><strong>t</strong></span> <span class='ocrx_word' id='word_1_20' title='bbox 1081 402 1222 443; x_wconf 82' lang='lat' dir='ltr'><strong>similis</strong></span> 
     </span>
     <span class='ocr_line' id='line_1_4' title="bbox 235 473 1223 528; baseline -0.007 -8"><span class='ocrx_word' id='word_1_21' title='bbox 235 479 351 520; x_wconf 80' lang='lat' dir='ltr'><strong>arcui</strong></span> <span class='ocrx_word' id='word_1_22' title='bbox 367 478 404 520; x_wconf 88' lang='lat' dir='ltr'><strong>E</strong></span> <span class='ocrx_word' id='word_1_23' title='bbox 421 478 475 528; x_wconf 89' lang='lat' dir='ltr'><strong>T,</strong></span> <span class='ocrx_word' id='word_1_24' title='bbox 498 484 539 518; x_wconf 91' lang='lat' dir='ltr'><strong>et</strong></span> <span class='ocrx_word' id='word_1_25' title='bbox 559 477 744 518; x_wconf 87' lang='lat' dir='ltr'><strong>similiter</strong></span> <span class='ocrx_word' id='word_1_26' title='bbox 759 474 1008 518; x_wconf 85' lang='lat' dir='ltr'><strong>subtendens</strong></span> <span class='ocrx_word' id='word_1_27' title='bbox 1024 473 1223 528; x_wconf 85' lang='lat' dir='ltr'>angulum</span> 
     </span>
     <span class='ocr_line' id='line_1_5' title="bbox 240 546 1219 596; baseline -0.005 -6"><span class='ocrx_word' id='word_1_28' title='bbox 240 549 279 590; x_wconf 93' lang='lat' dir='ltr'>A</span> <span class='ocrx_word' id='word_1_29' title='bbox 301 549 345 590; x_wconf 96' lang='lat' dir='ltr'>D</span> <span class='ocrx_word' id='word_1_30' title='bbox 360 548 418 589; x_wconf 89' lang='lat' dir='ltr'><strong>T:</strong></span> <span class='ocrx_word' id='word_1_31' title='bbox 441 547 635 588; x_wconf 83' lang='lat' dir='ltr'><strong>velocitas</strong></span> <span class='ocrx_word' id='word_1_32' title='bbox 658 547 698 587; x_wconf 97' lang='lat' dir='ltr'>A</span> <span class='ocrx_word' id='word_1_33' title='bbox 721 547 756 587; x_wconf 94' lang='lat' dir='ltr'>P</span> <span class='ocrx_word' id='word_1_34' title='bbox 777 547 855 588; x_wconf 90' lang='lat' dir='ltr'><strong>erit</strong></span> <span class='ocrx_word' id='word_1_35' title='bbox 874 547 927 588; x_wconf 89' lang='lat' dir='ltr'><strong>ad</strong></span> <span class='ocrx_word' id='word_1_36' title='bbox 949 546 1219 596; x_wconf 83' lang='lat' dir='ltr'><strong>velocitatem,</strong></span> 
     </span>
     <span class='ocr_line' id='line_1_6' title="bbox 240 617 1224 675; baseline -0.003 -15"><span class='ocrx_word' id='word_1_37' title='bbox 240 634 364 675; x_wconf 81' lang='lat' dir='ltr'><strong>quam</strong></span> <span class='ocrx_word' id='word_1_38' title='bbox 395 633 545 672; x_wconf 86' lang='lat' dir='ltr'><strong>corpus</strong></span> <span class='ocrx_word' id='word_1_39' title='bbox 580 625 765 672; x_wconf 87' lang='lat' dir='ltr'><strong>tempore</strong></span> <span class='ocrx_word' id='word_1_40' title='bbox 802 618 840 659; x_wconf 88' lang='lat' dir='ltr'>E</span> <span class='ocrx_word' id='word_1_41' title='bbox 861 619 905 660; x_wconf 91' lang='lat' dir='ltr'>D</span> <span class='ocrx_word' id='word_1_42' title='bbox 928 618 982 668; x_wconf 88' lang='lat' dir='ltr'><strong>T,</strong></span> <span class='ocrx_word' id='word_1_43' title='bbox 1018 618 1061 658; x_wconf 93' lang='lat' dir='ltr'><strong>in</strong></span> <span class='ocrx_word' id='word_1_44' title='bbox 1092 617 1224 672; x_wconf 84' lang='lat' dir='ltr'><strong>spatio</strong></span> 
     </span>
     <span class='ocr_line' id='line_1_7' title="bbox 238 689 1227 747; baseline -0.001 -16"><span class='ocrx_word' id='word_1_45' title='bbox 238 704 323 731; x_wconf 90' lang='lat' dir='ltr'><strong>non</strong></span> <span class='ocrx_word' id='word_1_46' title='bbox 362 689 589 747; x_wconf 84' lang='lat' dir='ltr'><strong>resistente,</strong></span> <span class='ocrx_word' id='word_1_47' title='bbox 632 689 894 732; x_wconf 85' lang='lat' dir='ltr'><strong>ascendendo</strong></span> <span class='ocrx_word' id='word_1_48' title='bbox 934 691 1122 731; x_wconf 82' lang='lat' dir='ltr'><strong>amittere</strong></span> <span class='ocrx_word' id='word_1_49' title='bbox 1160 689 1227 731; x_wconf 91' lang='lat' dir='ltr'><strong>vel</strong></span> 
     </span>
     <span class='ocr_line' id='line_1_8' title="bbox 239 750 1226 815; baseline -0.002 -13"><span class='ocrx_word' id='word_1_50' title='bbox 239 750 531 802; x_wconf 80' lang='lat' dir='ltr'><strong>descendendo</strong></span> <span class='ocrx_word' id='word_1_51' title='bbox 547 759 758 815; x_wconf 76' lang='lat' dir='ltr'>acquirere</span> <span class='ocrx_word' id='word_1_52' title='bbox 773 768 924 815; x_wconf 89' lang='lat' dir='ltr'><strong>posset,</strong></span> <span class='ocrx_word' id='word_1_53' title='bbox 933 768 980 801; x_wconf 90' lang='lat' dir='ltr'><strong>ut</strong></span> <span class='ocrx_word' id='word_1_54' title='bbox 992 775 1087 802; x_wconf 84' lang='lat' dir='ltr'><strong>area</strong></span> <span class='ocrx_word' id='word_1_55' title='bbox 1098 760 1226 801; x_wconf 86' lang='lat' dir='ltr'><strong>trian-</strong></span> 
     </span>
     <span class='ocr_line' id='line_1_9' title="bbox 238 817 1244 887; baseline -0.002 -15"><span class='ocrx_word' id='word_1_56' title='bbox 238 831 326 887; x_wconf 84' lang='lat' dir='ltr'>guli</span> <span class='ocrx_word' id='word_1_57' title='bbox 340 831 384 872; x_wconf 93' lang='lat' dir='ltr'>D</span> <span class='ocrx_word' id='word_1_58' title='bbox 402 831 443 871; x_wconf 96' lang='lat' dir='ltr'>A</span> <span class='ocrx_word' id='word_1_59' title='bbox 458 830 493 871; x_wconf 94' lang='lat' dir='ltr'>P</span> <span class='ocrx_word' id='word_1_60' title='bbox 514 829 569 871; x_wconf 82' lang='lat' dir='ltr'><strong>ad</strong></span> <span class='ocrx_word' id='word_1_61' title='bbox 582 845 721 871; x_wconf 87' lang='lat' dir='ltr'><strong>aream</strong></span> <span class='ocrx_word' id='word_1_62' title='bbox 735 831 906 872; x_wconf 89' lang='lat' dir='ltr'><strong>sectoris</strong></span> <span class='ocrx_word' id='word_1_63' title='bbox 926 831 970 874; x_wconf 92' lang='lat' dir='ltr'>D</span> <span class='ocrx_word' id='word_1_64' title='bbox 995 832 1030 871; x_wconf 94' lang='lat' dir='ltr'>A</span> <span class='ocrx_word' id='word_1_65' title='bbox 1054 838 1090 880; x_wconf 87' lang='lat' dir='ltr'><strong>t;</strong></span> <span class='ocrx_word' id='word_1_66' title='bbox 1112 817 1244 871; x_wconf 48' lang='lat' dir='ltr'><strong>ideo-x</strong></span> 
     </span>
     <span class='ocr_line' id='line_1_10' title="bbox 240 900 1227 956; baseline -0.001 -14"><span class='ocrx_word' id='word_1_67' title='bbox 240 916 319 956; x_wconf 92' lang='lat' dir='ltr'><strong>que</strong></span> <span class='ocrx_word' id='word_1_68' title='bbox 340 916 393 943; x_wconf 86' lang='lat' dir='ltr'><strong>ex</strong></span> <span class='ocrx_word' id='word_1_69' title='bbox 414 900 511 941; x_wconf 89' lang='lat' dir='ltr'><strong>dato</strong></span> <span class='ocrx_word' id='word_1_70' title='bbox 542 908 728 955; x_wconf 87' lang='lat' dir='ltr'><strong>tempore</strong></span> <span class='ocrx_word' id='word_1_71' title='bbox 759 901 892 942; x_wconf 83' lang='lat' dir='ltr'><strong>datur.</strong></span> <span class='ocrx_word' id='word_1_72' title='bbox 958 901 1003 955; x_wconf 77' lang='lat'><strong>(³)</strong></span> <span class='ocrx_word' id='word_1_73' title='bbox 1027 900 1137 941; x_wconf 87' lang='lat' dir='ltr'><strong>Nam</strong></span> <span class='ocrx_word' id='word_1_74' title='bbox 1156 915 1227 941; x_wconf 89' lang='lat' dir='ltr'><strong>ve-</strong></span> 
     </span>
     <span class='ocr_line' id='line_1_11' title="bbox 241 970 1223 1024; baseline 0 -13"><span class='ocrx_word' id='word_1_75' title='bbox 241 971 396 1021; x_wconf 83' lang='lat' dir='ltr'>locitas,</span> <span class='ocrx_word' id='word_1_76' title='bbox 429 971 472 1011; x_wconf 92' lang='lat' dir='ltr'><strong>in</strong></span> <span class='ocrx_word' id='word_1_77' title='bbox 502 970 640 1011; x_wconf 90' lang='lat' dir='ltr'><strong>medio</strong></span> <span class='ocrx_word' id='word_1_78' title='bbox 669 985 754 1011; x_wconf 92' lang='lat' dir='ltr'><strong>non</strong></span> <span class='ocrx_word' id='word_1_79' title='bbox 774 971 1001 1020; x_wconf 83' lang='lat' dir='ltr'><strong>resistente,</strong></span> <span class='ocrx_word' id='word_1_80' title='bbox 1032 970 1223 1024; x_wconf 88' lang='lat' dir='ltr'><strong>tempori,</strong></span> 
     </span>
    </p>
   </div>
   <div class='ocr_carea' id='block_1_3' title="bbox 1313 327 1887 1024">
    <p class='ocr_par' dir='ltr' id='par_1_3' title="bbox 1313 327 1887 1024">
     <span class='ocr_line' id='line_1_12' title="bbox 1313 327 1887 1024; baseline 0 2524"><span class='ocrx_word' id='word_1_81' title='bbox 1313 327 1887 1024; x_wconf 95' lang='lat' dir='ltr'><strong> </strong></span> 
     </span>
    </p>
   </div>
   <div class='ocr_carea' id='block_1_4' title="bbox 239 1007 1947 1170">
    <p class='ocr_par' dir='ltr' id='par_1_4' title="bbox 239 1007 1947 1170">
     <span class='ocr_line' id='line_1_13' title="bbox 239 1007 1933 1099; baseline -0.001 -14"><span class='ocrx_word' id='word_1_82' title='bbox 239 1051 362 1099; x_wconf 87' lang='lat' dir='ltr'><strong>atque</strong></span> <span class='ocrx_word' id='word_1_83' title='bbox 380 1042 476 1084; x_wconf 74' lang='lat' dir='ltr'><strong>ideo</strong></span> <span class='ocrx_word' id='word_1_84' title='bbox 497 1043 646 1084; x_wconf 87' lang='lat' dir='ltr'><strong>sectori</strong></span> <span class='ocrx_word' id='word_1_85' title='bbox 665 1043 761 1083; x_wconf 91' lang='lat' dir='ltr'><strong>huic</strong></span> <span class='ocrx_word' id='word_1_86' title='bbox 791 1042 1111 1098; x_wconf 84' lang='lat' dir='ltr'><strong>proportionalis</strong></span> <span class='ocrx_word' id='word_1_87' title='bbox 1141 1050 1224 1093; x_wconf 82' lang='lat' dir='ltr'><strong>est3</strong></span> <span class='ocrx_word' id='word_1_88' title='bbox 1890 1007 1933 1047; x_wconf 60' lang='lat' dir='ltr'>D</span> 
     </span>
     <span class='ocr_line' id='line_1_14' title="bbox 239 1113 1947 1170; baseline -0.001 -15"><span class='ocrx_word' id='word_1_89' title='bbox 239 1114 284 1155; x_wconf 91' lang='lat' dir='ltr'><strong>in</strong></span> <span class='ocrx_word' id='word_1_90' title='bbox 302 1114 440 1155; x_wconf 90' lang='lat' dir='ltr'><strong>medio</strong></span> <span class='ocrx_word' id='word_1_91' title='bbox 460 1113 674 1154; x_wconf 85' lang='lat' dir='ltr'><strong>resistente</strong></span> <span class='ocrx_word' id='word_1_92' title='bbox 695 1120 758 1153; x_wconf 87' lang='lat' dir='ltr'><strong>est</strong></span> <span class='ocrx_word' id='word_1_93' title='bbox 779 1121 822 1153; x_wconf 91' lang='lat' dir='ltr'><strong>ut</strong></span> <span class='ocrx_word' id='word_1_94' title='bbox 840 1113 1115 1168; x_wconf 84' lang='lat' dir='ltr'><strong>triangulum3</strong></span> <span class='ocrx_word' id='word_1_95' title='bbox 1147 1122 1188 1169; x_wconf 88' lang='lat' dir='ltr'><strong>et</strong></span> <span class='ocrx_word' id='word_1_96' title='bbox 1207 1114 1250 1154; x_wconf 92' lang='lat' dir='ltr'><strong>in</strong></span> <span class='ocrx_word' id='word_1_97' title='bbox 1269 1114 1407 1155; x_wconf 88' lang='lat' dir='ltr'><strong>medio</strong></span> <span class='ocrx_word' id='word_1_98' title='bbox 1427 1121 1616 1170; x_wconf 85' lang='lat' dir='ltr'><strong>utroque,</strong></span> <span class='ocrx_word' id='word_1_99' title='bbox 1638 1113 1710 1155; x_wconf 85' lang='lat' dir='ltr'><strong>ubi</strong></span> <span class='ocrx_word' id='word_1_100' title='bbox 1729 1113 1855 1169; x_wconf 58' lang='lat' dir='ltr'><strong>quam</strong></span> <span class='ocrx_word' id='word_1_101' title='bbox 1869 1113 1947 1155; x_wconf 87' lang='lat' dir='ltr'><strong>mi-</strong></span> 
     </span>
    </p>
   </div>
   <div class='ocr_carea' id='block_1_5' title="bbox 240 1185 1905 1242">
    <p class='ocr_par' dir='ltr' id='par_1_5' title="bbox 240 1185 1905 1242">
     <span class='ocr_line' id='line_1_15' title="bbox 240 1185 1905 1242; baseline -0.001 -15"><span class='ocrx_word' id='word_1_102' title='bbox 240 1187 353 1228; x_wconf 87' lang='lat' dir='ltr'><strong>nima</strong></span> <span class='ocrx_word' id='word_1_103' title='bbox 372 1195 443 1237; x_wconf 89' lang='lat' dir='ltr'><strong>est,</strong></span> <span class='ocrx_word' id='word_1_104' title='bbox 466 1186 624 1227; x_wconf 87' lang='lat' dir='ltr'><strong>accedit</strong></span> <span class='ocrx_word' id='word_1_105' title='bbox 647 1186 700 1227; x_wconf 85' lang='lat' dir='ltr'><strong>ad</strong></span> <span class='ocrx_word' id='word_1_106' title='bbox 720 1186 921 1227; x_wconf 81' lang='lat' dir='ltr'><strong>rationem</strong></span> <span class='ocrx_word' id='word_1_107' title='bbox 941 1186 1197 1242; x_wconf 76' lang='lat' dir='ltr'><strong>aequalitatis,</strong></span> <span class='ocrx_word' id='word_1_108' title='bbox 1219 1202 1296 1242; x_wconf 89' lang='lat' dir='ltr'><strong>pro</strong></span> <span class='ocrx_word' id='word_1_109' title='bbox 1315 1202 1432 1229; x_wconf 89' lang='lat' dir='ltr'><strong>more</strong></span> <span class='ocrx_word' id='word_1_110' title='bbox 1452 1187 1618 1228; x_wconf 87' lang='lat' dir='ltr'><strong>sectoris</strong></span> <span class='ocrx_word' id='word_1_111' title='bbox 1638 1194 1679 1228; x_wconf 91' lang='lat' dir='ltr'><strong>et</strong></span> <span class='ocrx_word' id='word_1_112' title='bbox 1697 1185 1905 1242; x_wconf 82' lang='lat' dir='ltr'><strong>trianguli.</strong></span> 
     </span>
    </p>
   </div>
   <div class='ocr_carea' id='block_1_6' title="bbox 243 1324 1954 1918">
    <p class='ocr_par' dir='ltr' id='par_1_6' title="bbox 243 1324 1953 1788">
     <span class='ocr_line' id='line_1_16' title="bbox 284 1324 1950 1369; baseline -0.003 -11"><span class='ocrx_word' id='word_1_113' title='bbox 284 1327 325 1369; x_wconf 80' lang='lat'><strong>(⁸)</strong></span> <span class='ocrx_word' id='word_1_114' title='bbox 350 1330 367 1347; x_wconf 69' lang='lat'><strong>⁴*</strong></span> <span class='ocrx_word' id='word_1_115' title='bbox 386 1329 473 1358; x_wconf 78' lang='lat' dir='ltr'><strong>Nam</strong></span> <span class='ocrx_word' id='word_1_116' title='bbox 495 1327 628 1358; x_wconf 77' lang='lat' dir='ltr'><strong>velocitas</strong></span> <span class='ocrx_word' id='word_1_117' title='bbox 654 1327 688 1357; x_wconf 87' lang='lat' dir='ltr'><strong>in</strong></span> <span class='ocrx_word' id='word_1_118' title='bbox 715 1328 812 1358; x_wconf 68' lang='lat' dir='ltr'><strong>medio</strong></span> <span class='ocrx_word' id='word_1_119' title='bbox 838 1337 901 1357; x_wconf 82' lang='lat' dir='ltr'><strong>non</strong></span> <span class='ocrx_word' id='word_1_120' title='bbox 925 1327 1076 1357; x_wconf 67' lang='lat' dir='ltr'><strong>resistente</strong></span> <span class='ocrx_word' id='word_1_121' title='bbox 1119 1327 1238 1367; x_wconf 73' lang='lat' dir='ltr'><strong>corpori</strong></span> <span class='ocrx_word' id='word_1_122' title='bbox 1259 1327 1402 1358; x_wconf 84' lang='lat' dir='ltr'><strong>velocitas</strong></span> <span class='ocrx_word' id='word_1_123' title='bbox 1415 1327 1456 1357; x_wconf 79' lang='lat' dir='ltr'><strong>sit</strong></span> <span class='ocrx_word' id='word_1_124' title='bbox 1473 1327 1501 1358; x_wconf 85' lang='lat' dir='ltr'><strong>A</strong></span> <span class='ocrx_word' id='word_1_125' title='bbox 1521 1326 1559 1364; x_wconf 84' lang='lat' dir='ltr'><strong>P,</strong></span> <span class='ocrx_word' id='word_1_126' title='bbox 1586 1325 1643 1356; x_wconf 90' lang='lat' dir='ltr'><strong>erit</strong></span> <span class='ocrx_word' id='word_1_127' title='bbox 1663 1331 1700 1356; x_wconf 80' lang='lat' dir='ltr'><strong>ut</strong></span> <span class='ocrx_word' id='word_1_128' title='bbox 1720 1330 1818 1355; x_wconf 84' lang='lat' dir='ltr'><strong>sector</strong></span> <span class='ocrx_word' id='word_1_129' title='bbox 1839 1324 1950 1366; x_wconf 84' lang='lat' dir='ltr'><strong>hyper-</strong></span> 
     </span>
     <span class='ocr_line' id='line_1_17' title="bbox 243 1366 1950 1411; baseline -0.002 -12"><span class='ocrx_word' id='word_1_130' title='bbox 243 1371 309 1411; x_wconf 77' lang='lat'>(25.</span> <span class='ocrx_word' id='word_1_131' title='bbox 330 1370 391 1400; x_wconf 89' lang='lat' dir='ltr'><strong>Lib</strong></span> <span class='ocrx_word' id='word_1_132' title='bbox 409 1370 455 1409; x_wconf 88' lang='grc' dir='ltr'><strong>Ι.)</strong></span> <span class='ocrx_word' id='word_1_133' title='bbox 475 1371 601 1408; x_wconf 78' lang='lat' dir='ltr'><strong>tempori</strong></span> <span class='ocrx_word' id='word_1_134' title='bbox 615 1374 707 1408; x_wconf 85' lang='lat' dir='ltr'><strong>atque</strong></span> <span class='ocrx_word' id='word_1_135' title='bbox 721 1367 798 1398; x_wconf 79' lang='lat' dir='ltr'><strong>adeo</strong></span> <span class='ocrx_word' id='word_1_136' title='bbox 814 1368 923 1398; x_wconf 77' lang='lat' dir='ltr'><strong>sectori</strong></span> <span class='ocrx_word' id='word_1_137' title='bbox 941 1369 970 1398; x_wconf 83' lang='lat' dir='ltr'><strong>E</strong></span> <span class='ocrx_word' id='word_1_138' title='bbox 986 1370 1018 1399; x_wconf 96' lang='lat' dir='ltr'>D</span> <span class='ocrx_word' id='word_1_139' title='bbox 1036 1369 1074 1406; x_wconf 92' lang='lat' dir='ltr'><strong>T,</strong></span> <span class='ocrx_word' id='word_1_140' title='bbox 1118 1370 1237 1400; x_wconf 88' lang='lat' dir='ltr'><strong>bolicus</strong></span> <span class='ocrx_word' id='word_1_141' title='bbox 1261 1370 1294 1400; x_wconf 93' lang='lat' dir='ltr'>D</span> <span class='ocrx_word' id='word_1_142' title='bbox 1312 1370 1341 1400; x_wconf 88' lang='grc' dir='ltr'>Ε</span> <span class='ocrx_word' id='word_1_143' title='bbox 1355 1370 1404 1407; x_wconf 84' lang='grc' dir='ltr'><strong>Τ;</strong></span> <span class='ocrx_word' id='word_1_144' title='bbox 1430 1379 1504 1399; x_wconf 83' lang='lat' dir='ltr'><strong>nam</strong></span> <span class='ocrx_word' id='word_1_145' title='bbox 1528 1368 1698 1399; x_wconf 85' lang='lat' dir='ltr'><strong>velocitatis</strong></span> <span class='ocrx_word' id='word_1_146' title='bbox 1719 1366 1950 1411; x_wconf 75' lang='lat' dir='ltr'><strong>decrementum</strong></span> 
     </span>
     <span class='ocr_line' id='line_1_18' title="bbox 243 1408 1952 1451; baseline -0.002 -9"><span class='ocrx_word' id='word_1_147' title='bbox 243 1418 274 1443; x_wconf 91' lang='lat' dir='ltr'><strong>et</strong></span> <span class='ocrx_word' id='word_1_148' title='bbox 295 1410 424 1450; x_wconf 73' lang='lat' dir='ltr'><strong>proinde</strong></span> <span class='ocrx_word' id='word_1_149' title='bbox 445 1414 549 1442; x_wconf 77' lang='lat' dir='ltr'><strong>sectori</strong></span> <span class='ocrx_word' id='word_1_150' title='bbox 570 1412 605 1441; x_wconf 90' lang='lat' dir='ltr'>D</span> <span class='ocrx_word' id='word_1_151' title='bbox 624 1413 654 1441; x_wconf 88' lang='lat' dir='ltr'>A</span> <span class='ocrx_word' id='word_1_152' title='bbox 670 1416 692 1447; x_wconf 86' lang='lat' dir='ltr'><strong>t,</strong></span> <span class='ocrx_word' id='word_1_153' title='bbox 716 1412 947 1450; x_wconf 77' lang='lat' dir='ltr'><strong>proportionalis</strong></span> <span class='ocrx_word' id='word_1_154' title='bbox 961 1417 1021 1447; x_wconf 78' lang='lat' dir='ltr'><strong>est,·</strong></span> <span class='ocrx_word' id='word_1_155' title='bbox 1044 1412 1078 1441; x_wconf 91' lang='lat' dir='ltr'><strong>in</strong></span> <span class='ocrx_word' id='word_1_156' title='bbox 1123 1412 1152 1443; x_wconf 95' lang='lat' dir='ltr'><strong>P</strong></span> <span class='ocrx_word' id='word_1_157' title='bbox 1170 1413 1210 1448; x_wconf 86' lang='lat' dir='ltr'><strong>Q,</strong></span> <span class='ocrx_word' id='word_1_158' title='bbox 1238 1413 1272 1442; x_wconf 89' lang='lat' dir='ltr'><strong>in</strong></span> <span class='ocrx_word' id='word_1_159' title='bbox 1293 1410 1366 1443; x_wconf 67' lang='lat' dir='ltr'><strong>data</strong></span> <span class='ocrx_word' id='word_1_160' title='bbox 1386 1411 1531 1451; x_wconf 78' lang='lat' dir='ltr'><strong>temporis</strong></span> <span class='ocrx_word' id='word_1_161' title='bbox 1551 1409 1701 1450; x_wconf 65' lang='lat' dir='ltr'><strong>particula</strong></span> <span class='ocrx_word' id='word_1_162' title='bbox 1722 1409 1841 1439; x_wconf 75' lang='lat' dir='ltr'><strong>factum</strong></span> <span class='ocrx_word' id='word_1_163' title='bbox 1861 1408 1952 1450; x_wconf 73' lang='lat' dir='ltr'><strong>eiquo</strong></span> 
     </span>
     <span class='ocr_line' id='line_1_19' title="bbox 243 1453 1951 1494; baseline -0.002 -10"><span class='ocrx_word' id='word_1_164' title='bbox 243 1454 347 1484; x_wconf 88' lang='lat' dir='ltr'><strong>medio</strong></span> <span class='ocrx_word' id='word_1_165' title='bbox 362 1454 519 1487; x_wconf 80' lang='lat' dir='ltr'><strong>resistente</strong></span> <span class='ocrx_word' id='word_1_166' title='bbox 534 1459 580 1483; x_wconf 85' lang='lat' dir='ltr'><strong>est</strong></span> <span class='ocrx_word' id='word_1_167' title='bbox 594 1459 630 1483; x_wconf 87' lang='lat' dir='ltr'><strong>ut</strong></span> <span class='ocrx_word' id='word_1_168' title='bbox 647 1453 677 1483; x_wconf 88' lang='lat' dir='ltr'>A</span> <span class='ocrx_word' id='word_1_169' title='bbox 696 1453 734 1490; x_wconf 85' lang='lat' dir='ltr'><strong>P,</strong></span> <span class='ocrx_word' id='word_1_170' title='bbox 751 1463 805 1483; x_wconf 91' lang='lat' dir='ltr'><strong>seu</strong></span> <span class='ocrx_word' id='word_1_171' title='bbox 820 1456 860 1484; x_wconf 89' lang='lat' dir='ltr'><strong>ob</strong></span> <span class='ocrx_word' id='word_1_172' title='bbox 875 1453 980 1484; x_wconf 83' lang='lat' dir='ltr'><strong>datam</strong></span> <span class='ocrx_word' id='word_1_173' title='bbox 998 1454 1025 1483; x_wconf 92' lang='lat' dir='ltr'>B</span> <span class='ocrx_word' id='word_1_174' title='bbox 1044 1455 1077 1484; x_wconf 94' lang='lat' dir='ltr'>D</span> <span class='ocrx_word' id='word_1_175' title='bbox 1119 1455 1354 1494; x_wconf 79' lang='lat' dir='ltr'><strong>proportionalis</strong></span> <span class='ocrx_word' id='word_1_176' title='bbox 1374 1465 1444 1484; x_wconf 80' lang='lat' dir='ltr'><strong>area</strong></span> <span class='ocrx_word' id='word_1_177' title='bbox 1470 1454 1503 1484; x_wconf 94' lang='lat' dir='ltr'>D</span> <span class='ocrx_word' id='word_1_178' title='bbox 1522 1453 1550 1484; x_wconf 94' lang='lat' dir='ltr'>P</span> <span class='ocrx_word' id='word_1_179' title='bbox 1567 1453 1600 1488; x_wconf 81' lang='lat' dir='ltr'><strong>Q,</strong></span> <span class='ocrx_word' id='word_1_180' title='bbox 1620 1458 1666 1483; x_wconf 78' lang='lat' dir='ltr'><strong>est</strong></span> <span class='ocrx_word' id='word_1_181' title='bbox 1686 1457 1722 1483; x_wconf 86' lang='lat' dir='ltr'><strong>ut</strong></span> <span class='ocrx_word' id='word_1_182' title='bbox 1741 1461 1882 1481; x_wconf 73' lang='lat' dir='ltr'><strong>excessus</strong></span> <span class='ocrx_word' id='word_1_183' title='bbox 1902 1461 1951 1481; x_wconf 84' lang='lat' dir='ltr'><strong>re-</strong></span> 
     </span>
     <span class='ocr_line' id='line_1_20' title="bbox 243 1492 1949 1537; baseline -0.002 -11"><span class='ocrx_word' id='word_1_184' title='bbox 243 1502 280 1527; x_wconf 84' lang='lat' dir='ltr'><strong>ut</strong></span> <span class='ocrx_word' id='word_1_185' title='bbox 294 1497 315 1536; x_wconf 59' lang='grc' dir='ltr'>ᾗ</span> <span class='ocrx_word' id='word_1_186' title='bbox 331 1497 358 1526; x_wconf 87' lang='grc' dir='ltr'>Β</span> <span class='ocrx_word' id='word_1_187' title='bbox 376 1497 408 1526; x_wconf 95' lang='lat' dir='ltr'>D</span> <span class='ocrx_word' id='word_1_188' title='bbox 428 1500 461 1532; x_wconf 89' lang='lat'><strong>&gt;&lt;</strong></span> <span class='ocrx_word' id='word_1_189' title='bbox 484 1496 513 1526; x_wconf 90' lang='lat' dir='ltr'>A</span> <span class='ocrx_word' id='word_1_190' title='bbox 534 1496 560 1525; x_wconf 92' lang='lat' dir='ltr'>P</span> <span class='ocrx_word' id='word_1_191' title='bbox 573 1507 582 1532; x_wconf 90' lang='grc'>;</span> <span class='ocrx_word' id='word_1_192' title='bbox 598 1494 662 1526; x_wconf 73' lang='lat' dir='ltr'><strong>sive</strong></span> <span class='ocrx_word' id='word_1_193' title='bbox 676 1501 712 1525; x_wconf 83' lang='lat' dir='ltr'><strong>ut</strong></span> <span class='ocrx_word' id='word_1_194' title='bbox 727 1495 918 1535; x_wconf 86' lang='lat' dir='ltr'><strong>triangulum</strong></span> <span class='ocrx_word' id='word_1_195' title='bbox 936 1496 967 1526; x_wconf 92' lang='lat' dir='ltr'>A</span> <span class='ocrx_word' id='word_1_196' title='bbox 982 1496 1014 1526; x_wconf 96' lang='lat' dir='ltr'>D</span> <span class='ocrx_word' id='word_1_197' title='bbox 1033 1497 1077 1534; x_wconf 91' lang='lat' dir='ltr'><strong>P;</strong></span> <span class='ocrx_word' id='word_1_198' title='bbox 1121 1497 1266 1527; x_wconf 82' lang='lat' dir='ltr'><strong>sistentiae</strong></span> <span class='ocrx_word' id='word_1_199' title='bbox 1281 1496 1373 1535; x_wconf 71' lang='lat' dir='ltr'><strong>supra</strong></span> <span class='ocrx_word' id='word_1_200' title='bbox 1388 1497 1568 1537; x_wconf 82' lang='lat' dir='ltr'><strong>gravitatem</strong></span> <span class='ocrx_word' id='word_1_201' title='bbox 1584 1497 1611 1536; x_wconf 84' lang='grc' dir='ltr'><strong>(Ι</strong></span> <span class='ocrx_word' id='word_1_202' title='bbox 1621 1495 1666 1534; x_wconf 89' lang='grc'><strong>8),</strong></span> <span class='ocrx_word' id='word_1_203' title='bbox 1682 1494 1714 1524; x_wconf 89' lang='lat' dir='ltr'><strong>id</strong></span> <span class='ocrx_word' id='word_1_204' title='bbox 1729 1500 1784 1530; x_wconf 85' lang='lat' dir='ltr'><strong>est,</strong></span> <span class='ocrx_word' id='word_1_205' title='bbox 1800 1499 1836 1523; x_wconf 90' lang='lat' dir='ltr'><strong>ut</strong></span> <span class='ocrx_word' id='word_1_206' title='bbox 1850 1494 1880 1523; x_wconf 88' lang='lat' dir='ltr'><strong>A</strong></span> <span class='ocrx_word' id='word_1_207' title='bbox 1895 1492 1923 1524; x_wconf 83' lang='grc' dir='ltr'>Ρ</span> <span class='ocrx_word' id='word_1_208' title='bbox 1933 1493 1949 1514; x_wconf 79' lang='lat'>¹</span> 
     </span>
     <span class='ocr_line' id='line_1_21' title="bbox 245 1535 1948 1581; baseline -0.002 -12"><span class='ocrx_word' id='word_1_209' title='bbox 245 1544 276 1569; x_wconf 88' lang='lat' dir='ltr'><strong>et</strong></span> <span class='ocrx_word' id='word_1_210' title='bbox 304 1539 337 1568; x_wconf 89' lang='lat' dir='ltr'><strong>in</strong></span> <span class='ocrx_word' id='word_1_211' title='bbox 365 1538 469 1568; x_wconf 86' lang='lat' dir='ltr'><strong>medio</strong></span> <span class='ocrx_word' id='word_1_212' title='bbox 496 1543 628 1576; x_wconf 85' lang='lat' dir='ltr'><strong>utroque</strong></span> <span class='ocrx_word' id='word_1_213' title='bbox 656 1537 711 1567; x_wconf 90' lang='lat' dir='ltr'><strong>ubi</strong></span> <span class='ocrx_word' id='word_1_214' title='bbox 739 1537 832 1578; x_wconf 70' lang='lat' dir='ltr'><strong>quam</strong></span> <span class='ocrx_word' id='word_1_215' title='bbox 865 1539 995 1568; x_wconf 76' lang='lat' dir='ltr'><strong>minima</strong></span> <span class='ocrx_word' id='word_1_216' title='bbox 1023 1545 1078 1576; x_wconf 85' lang='lat' dir='ltr'><strong>est,</strong></span> <span class='ocrx_word' id='word_1_217' title='bbox 1122 1540 1164 1581; x_wconf 57' lang='grc' dir='ltr'><strong>-ξ-</strong></span> <span class='ocrx_word' id='word_1_218' title='bbox 1176 1543 1195 1569; x_wconf 83' lang='lat'><strong>2</strong></span> <span class='ocrx_word' id='word_1_219' title='bbox 1214 1541 1242 1570; x_wconf 92' lang='grc' dir='ltr'><strong>Β</strong></span> <span class='ocrx_word' id='word_1_220' title='bbox 1262 1539 1292 1570; x_wconf 88' lang='lat' dir='ltr'>A</span> <span class='ocrx_word' id='word_1_221' title='bbox 1310 1539 1338 1569; x_wconf 94' lang='lat' dir='ltr'>P</span> <span class='ocrx_word' id='word_1_222' title='bbox 1355 1540 1397 1580; x_wconf 71' lang='grc' dir='ltr'><strong>-Ι-</strong></span> <span class='ocrx_word' id='word_1_223' title='bbox 1417 1539 1447 1569; x_wconf 91' lang='lat' dir='ltr'>A</span> <span class='ocrx_word' id='word_1_224' title='bbox 1466 1539 1494 1569; x_wconf 93' lang='lat' dir='ltr'>B</span> <span class='ocrx_word' id='word_1_225' title='bbox 1507 1540 1573 1562; x_wconf 85' lang='lat'><strong>2—</strong></span> <span class='ocrx_word' id='word_1_226' title='bbox 1588 1538 1616 1567; x_wconf 92' lang='lat' dir='ltr'>B</span> <span class='ocrx_word' id='word_1_227' title='bbox 1634 1537 1704 1574; x_wconf 81' lang='lat' dir='ltr'><strong>D2,</strong></span> <span class='ocrx_word' id='word_1_228' title='bbox 1721 1546 1777 1566; x_wconf 88' lang='lat' dir='ltr'><strong>seu</strong></span> <span class='ocrx_word' id='word_1_229' title='bbox 1794 1535 1824 1566; x_wconf 91' lang='lat' dir='ltr'>B</span> <span class='ocrx_word' id='word_1_230' title='bbox 1841 1535 1896 1566; x_wconf 65' lang='grc' dir='ltr'><strong>Ρ2</strong></span> <span class='ocrx_word' id='word_1_231' title='bbox 1908 1552 1948 1566; x_wconf 65' lang='lat' dir='ltr'><strong>-v</strong></span> 
     </span>
     <span class='ocr_line' id='line_1_22' title="bbox 244 1577 1950 1619; baseline -0.002 -8"><span class='ocrx_word' id='word_1_232' title='bbox 244 1590 356 1619; x_wconf 86' lang='lat' dir='ltr'><strong>nempe</strong></span> <span class='ocrx_word' id='word_1_233' title='bbox 371 1580 458 1610; x_wconf 86' lang='lat' dir='ltr'><strong>initio</strong></span> <span class='ocrx_word' id='word_1_234' title='bbox 473 1579 637 1610; x_wconf 66' lang='lat' dir='ltr'><strong>descensus</strong></span> <span class='ocrx_word' id='word_1_235' title='bbox 652 1590 669 1610; x_wconf 91' lang='lat' dir='ltr'><strong>e</strong></span> <span class='ocrx_word' id='word_1_236' title='bbox 683 1580 784 1619; x_wconf 78' lang='lat' dir='ltr'><strong>quiete</strong></span> <span class='ocrx_word' id='word_1_237' title='bbox 797 1580 844 1610; x_wconf 84' lang='lat' dir='ltr'><strong>vel</strong></span> <span class='ocrx_word' id='word_1_238' title='bbox 858 1580 891 1609; x_wconf 90' lang='lat' dir='ltr'><strong>in</strong></span> <span class='ocrx_word' id='word_1_239' title='bbox 902 1580 964 1610; x_wconf 85' lang='lat' dir='ltr'><strong>fine</strong></span> <span class='ocrx_word' id='word_1_240' title='bbox 973 1591 1077 1612; x_wconf 82' lang='lat' dir='ltr'><strong>ascen·</strong></span> <span class='ocrx_word' id='word_1_241' title='bbox 1124 1582 1152 1612; x_wconf 90' lang='lat' dir='ltr'>B</span> <span class='ocrx_word' id='word_1_242' title='bbox 1172 1582 1204 1612; x_wconf 95' lang='lat' dir='ltr'>D</span> <span class='ocrx_word' id='word_1_243' title='bbox 1219 1583 1255 1618; x_wconf 73' lang='grc'><strong>2;</strong></span> <span class='ocrx_word' id='word_1_244' title='bbox 1283 1588 1314 1612; x_wconf 90' lang='lat' dir='ltr'><strong>et</strong></span> <span class='ocrx_word' id='word_1_245' title='bbox 1334 1592 1403 1612; x_wconf 82' lang='lat' dir='ltr'><strong>area</strong></span> <span class='ocrx_word' id='word_1_246' title='bbox 1427 1581 1459 1611; x_wconf 91' lang='lat' dir='ltr'>D</span> <span class='ocrx_word' id='word_1_247' title='bbox 1478 1581 1506 1611; x_wconf 93' lang='lat' dir='ltr'>T</span> <span class='ocrx_word' id='word_1_248' title='bbox 1522 1581 1553 1609; x_wconf 94' lang='lat' dir='ltr'>V</span> <span class='ocrx_word' id='word_1_249' title='bbox 1574 1586 1619 1610; x_wconf 89' lang='lat' dir='ltr'><strong>est</strong></span> <span class='ocrx_word' id='word_1_250' title='bbox 1633 1579 1673 1609; x_wconf 84' lang='lat' dir='ltr'><strong>ad</strong></span> <span class='ocrx_word' id='word_1_251' title='bbox 1687 1588 1790 1608; x_wconf 82' lang='lat' dir='ltr'><strong>aream</strong></span> <span class='ocrx_word' id='word_1_252' title='bbox 1813 1577 1846 1608; x_wconf 95' lang='lat' dir='ltr'>D</span> <span class='ocrx_word' id='word_1_253' title='bbox 1865 1578 1893 1608; x_wconf 93' lang='lat' dir='ltr'><strong>P</strong></span> <span class='ocrx_word' id='word_1_254' title='bbox 1910 1578 1950 1614; x_wconf 83' lang='lat' dir='ltr'><strong>Q.</strong></span> 
     </span>
     <span class='ocr_line' id='line_1_23' title="bbox 245 1620 1952 1662; baseline -0.001 -10"><span class='ocrx_word' id='word_1_255' title='bbox 245 1622 297 1653; x_wconf 70' lang='lat' dir='ltr'><strong>sus</strong></span> <span class='ocrx_word' id='word_1_256' title='bbox 319 1623 435 1652; x_wconf 88' lang='lat' dir='ltr'><strong>accedit</strong></span> <span class='ocrx_word' id='word_1_257' title='bbox 449 1622 489 1653; x_wconf 89' lang='lat' dir='ltr'><strong>ad</strong></span> <span class='ocrx_word' id='word_1_258' title='bbox 502 1623 653 1652; x_wconf 79' lang='lat' dir='ltr'><strong>rationem</strong></span> <span class='ocrx_word' id='word_1_259' title='bbox 674 1623 857 1662; x_wconf 64' lang='lat' dir='ltr'><strong>aequalitatis</strong></span> <span class='ocrx_word' id='word_1_260' title='bbox 877 1625 917 1653; x_wconf 92' lang='lat' dir='ltr'><strong>ob</strong></span> <span class='ocrx_word' id='word_1_261' title='bbox 939 1623 1079 1653; x_wconf 87' lang='lat' dir='ltr'><strong>resisten-</strong></span> <span class='ocrx_word' id='word_1_262' title='bbox 1121 1630 1158 1654; x_wconf 85' lang='lat' dir='ltr'><strong>ut</strong></span> <span class='ocrx_word' id='word_1_263' title='bbox 1183 1625 1216 1654; x_wconf 94' lang='lat' dir='ltr'>D</span> <span class='ocrx_word' id='word_1_264' title='bbox 1233 1624 1262 1654; x_wconf 94' lang='lat' dir='ltr'>T</span> <span class='ocrx_word' id='word_1_265' title='bbox 1276 1626 1291 1642; x_wconf 85' lang='lat'>2</span> <span class='ocrx_word' id='word_1_266' title='bbox 1317 1624 1356 1654; x_wconf 86' lang='lat' dir='ltr'><strong>ad</strong></span> <span class='ocrx_word' id='word_1_267' title='bbox 1384 1621 1493 1658; x_wconf 80' lang='lat' dir='ltr'>DP2,</span> <span class='ocrx_word' id='word_1_268' title='bbox 1518 1620 1651 1662; x_wconf 75' lang='lat' dir='ltr'><strong>ideoque</strong></span> <span class='ocrx_word' id='word_1_269' title='bbox 1676 1626 1711 1651; x_wconf 85' lang='lat' dir='ltr'><strong>ut</strong></span> <span class='ocrx_word' id='word_1_270' title='bbox 1735 1621 1765 1651; x_wconf 88' lang='lat' dir='ltr'>G</span> <span class='ocrx_word' id='word_1_271' title='bbox 1783 1620 1812 1650; x_wconf 91' lang='lat' dir='ltr'>T</span> <span class='ocrx_word' id='word_1_272' title='bbox 1826 1620 1853 1657; x_wconf 80' lang='lat'><strong>2,</strong></span> <span class='ocrx_word' id='word_1_273' title='bbox 1880 1621 1952 1662; x_wconf 77' lang='lat' dir='ltr'><strong>(seu</strong></span> 
     </span>
     <span class='ocr_line' id='line_1_24' title="bbox 245 1661 1953 1706; baseline -0.002 -12"><span class='ocrx_word' id='word_1_274' title='bbox 245 1665 321 1695; x_wconf 83' lang='lat' dir='ltr'><strong>tiam</strong></span> <span class='ocrx_word' id='word_1_275' title='bbox 345 1671 585 1701; x_wconf 82' lang='lat' dir='ltr'><strong>evanescentem,</strong></span> <span class='ocrx_word' id='word_1_276' title='bbox 612 1671 810 1695; x_wconf 80' lang='lat' dir='ltr'><strong>evanescente</strong></span> <span class='ocrx_word' id='word_1_277' title='bbox 832 1665 1000 1703; x_wconf 79' lang='lat' dir='ltr'><strong>velocitate,</strong></span> <span class='ocrx_word' id='word_1_278' title='bbox 1023 1676 1078 1705; x_wconf 88' lang='lat' dir='ltr'><strong>pro</strong></span> <span class='ocrx_word' id='word_1_279' title='bbox 1125 1667 1154 1697; x_wconf 92' lang='lat' dir='ltr'>G</span> <span class='ocrx_word' id='word_1_280' title='bbox 1173 1667 1206 1697; x_wconf 95' lang='lat' dir='ltr'>D</span> <span class='ocrx_word' id='word_1_281' title='bbox 1220 1668 1236 1685; x_wconf 82' lang='lat'>2</span> <span class='ocrx_word' id='word_1_282' title='bbox 1251 1684 1293 1690; x_wconf 89' lang='lat'><em>-</em></span> <span class='ocrx_word' id='word_1_283' title='bbox 1310 1667 1339 1696; x_wconf 93' lang='lat' dir='ltr'><strong>B</strong></span> <span class='ocrx_word' id='word_1_284' title='bbox 1358 1667 1390 1696; x_wconf 95' lang='lat' dir='ltr'>D</span> <span class='ocrx_word' id='word_1_285' title='bbox 1405 1668 1436 1706; x_wconf 84' lang='lat'><strong>²)</strong></span> <span class='ocrx_word' id='word_1_286' title='bbox 1459 1665 1499 1696; x_wconf 82' lang='lat' dir='ltr'><strong>ad</strong></span> <span class='ocrx_word' id='word_1_287' title='bbox 1517 1665 1545 1695; x_wconf 92' lang='lat' dir='ltr'>B</span> <span class='ocrx_word' id='word_1_288' title='bbox 1564 1665 1597 1694; x_wconf 92' lang='lat' dir='ltr'>D</span> <span class='ocrx_word' id='word_1_289' title='bbox 1612 1666 1639 1701; x_wconf 86' lang='lat'><strong>2,</strong></span> <span class='ocrx_word' id='word_1_290' title='bbox 1665 1669 1697 1694; x_wconf 86' lang='lat' dir='ltr'><strong>et</strong></span> <span class='ocrx_word' id='word_1_291' title='bbox 1717 1668 1753 1693; x_wconf 86' lang='lat' dir='ltr'><strong>ut</strong></span> <span class='ocrx_word' id='word_1_292' title='bbox 1778 1662 1810 1692; x_wconf 90' lang='lat' dir='ltr'>G</span> <span class='ocrx_word' id='word_1_293' title='bbox 1827 1662 1860 1692; x_wconf 90' lang='lat' dir='ltr'>D</span> <span class='ocrx_word' id='word_1_294' title='bbox 1875 1662 1891 1681; x_wconf 83' lang='lat'><em>²</em></span> <span class='ocrx_word' id='word_1_295' title='bbox 1912 1661 1953 1692; x_wconf 80' lang='lat' dir='ltr'><strong>ad</strong></span> 
     </span>
     <span class='ocr_line' id='line_1_25' title="bbox 246 1704 1949 1747; baseline -0.001 -11"><span class='ocrx_word' id='word_1_296' title='bbox 246 1717 333 1737; x_wconf 88' lang='lat' dir='ltr'><strong>more</strong></span> <span class='ocrx_word' id='word_1_297' title='bbox 359 1708 483 1737; x_wconf 85' lang='lat' dir='ltr'><strong>sectoris</strong></span> <span class='ocrx_word' id='word_1_298' title='bbox 500 1707 532 1737; x_wconf 94' lang='lat' dir='ltr'>D</span> <span class='ocrx_word' id='word_1_299' title='bbox 547 1708 577 1737; x_wconf 90' lang='lat' dir='ltr'>A</span> <span class='ocrx_word' id='word_1_300' title='bbox 593 1712 607 1737; x_wconf 84' lang='lat' dir='ltr'><strong>t</strong></span> <span class='ocrx_word' id='word_1_301' title='bbox 620 1712 651 1736; x_wconf 91' lang='lat' dir='ltr'><strong>et</strong></span> <span class='ocrx_word' id='word_1_302' title='bbox 665 1707 812 1747; x_wconf 78' lang='lat' dir='ltr'><strong>trianguli</strong></span> <span class='ocrx_word' id='word_1_303' title='bbox 831 1708 863 1738; x_wconf 96' lang='lat' dir='ltr'>D</span> <span class='ocrx_word' id='word_1_304' title='bbox 877 1710 908 1738; x_wconf 88' lang='lat' dir='ltr'>A</span> <span class='ocrx_word' id='word_1_305' title='bbox 923 1708 951 1739; x_wconf 92' lang='lat' dir='ltr'>P</span> <span class='ocrx_word' id='word_1_306' title='bbox 965 1709 1079 1739; x_wconf 62' lang='lat' dir='ltr'><strong>coiiun-</strong></span> <span class='ocrx_word' id='word_1_307' title='bbox 1123 1710 1152 1740; x_wconf 89' lang='lat' dir='ltr'>B</span> <span class='ocrx_word' id='word_1_308' title='bbox 1171 1709 1233 1745; x_wconf 88' lang='lat' dir='ltr'><strong>P²‚</strong></span> <span class='ocrx_word' id='word_1_309' title='bbox 1249 1714 1280 1738; x_wconf 91' lang='lat' dir='ltr'><strong>et</strong></span> <span class='ocrx_word' id='word_1_310' title='bbox 1294 1708 1424 1744; x_wconf 86' lang='lat' dir='ltr'><strong>divisim,</strong></span> <span class='ocrx_word' id='word_1_311' title='bbox 1440 1714 1477 1737; x_wconf 91' lang='lat' dir='ltr'><strong>ut</strong></span> <span class='ocrx_word' id='word_1_312' title='bbox 1493 1708 1521 1738; x_wconf 94' lang='lat' dir='ltr'>B</span> <span class='ocrx_word' id='word_1_313' title='bbox 1538 1707 1570 1737; x_wconf 94' lang='lat' dir='ltr'>D</span> <span class='ocrx_word' id='word_1_314' title='bbox 1581 1709 1597 1725; x_wconf 86' lang='lat'>²</span> <span class='ocrx_word' id='word_1_315' title='bbox 1613 1705 1653 1736; x_wconf 86' lang='lat' dir='ltr'><strong>ad</strong></span> <span class='ocrx_word' id='word_1_316' title='bbox 1667 1706 1695 1736; x_wconf 92' lang='lat' dir='ltr'>B</span> <span class='ocrx_word' id='word_1_317' title='bbox 1714 1704 1741 1735; x_wconf 94' lang='lat' dir='ltr'>P</span> <span class='ocrx_word' id='word_1_318' title='bbox 1752 1706 1768 1723; x_wconf 87' lang='lat'><em>²</em></span> <span class='ocrx_word' id='word_1_319' title='bbox 1779 1721 1822 1729; x_wconf 93' lang='lat'>—</span> <span class='ocrx_word' id='word_1_320' title='bbox 1835 1704 1864 1735; x_wconf 92' lang='lat' dir='ltr'>B</span> <span class='ocrx_word' id='word_1_321' title='bbox 1879 1704 1949 1734; x_wconf 72' lang='lat' dir='ltr'><strong>D2.</strong></span> 
     </span>
     <span class='ocr_line' id='line_1_26' title="bbox 247 1747 1951 1788; baseline -0.001 -9"><span class='ocrx_word' id='word_1_322' title='bbox 247 1750 329 1779; x_wconf 88' lang='lat' dir='ltr'><strong>tibus</strong></span> <span class='ocrx_word' id='word_1_323' title='bbox 344 1750 466 1788; x_wconf 86' lang='lat' dir='ltr'><strong>punctis</strong></span> <span class='ocrx_word' id='word_1_324' title='bbox 481 1756 494 1779; x_wconf 87' lang='lat' dir='ltr'><strong>t</strong></span> <span class='ocrx_word' id='word_1_325' title='bbox 508 1755 539 1779; x_wconf 88' lang='lat' dir='ltr'><strong>et</strong></span> <span class='ocrx_word' id='word_1_326' title='bbox 556 1749 584 1779; x_wconf 89' lang='lat' dir='ltr'>P</span> <span class='ocrx_word' id='word_1_327' title='bbox 595 1759 669 1779; x_wconf 91' lang='lat' dir='ltr'><strong>cum</strong></span> <span class='ocrx_word' id='word_1_328' title='bbox 682 1755 798 1788; x_wconf 86' lang='lat' dir='ltr'><strong>puncto</strong></span> <span class='ocrx_word' id='word_1_329' title='bbox 815 1753 856 1780; x_wconf 92' lang='lat' dir='ltr'>A.</span> <span class='ocrx_word' id='word_1_330' title='bbox 1125 1751 1231 1787; x_wconf 75' lang='lat' dir='ltr'><strong>Quare</strong></span> <span class='ocrx_word' id='word_1_331' title='bbox 1245 1761 1317 1782; x_wconf 90' lang='lat' dir='ltr'><strong>cum</strong></span> <span class='ocrx_word' id='word_1_332' title='bbox 1332 1761 1403 1782; x_wconf 83' lang='lat' dir='ltr'><strong>area</strong></span> <span class='ocrx_word' id='word_1_333' title='bbox 1419 1751 1452 1781; x_wconf 95' lang='lat' dir='ltr'>D</span> <span class='ocrx_word' id='word_1_334' title='bbox 1470 1750 1498 1780; x_wconf 92' lang='lat' dir='ltr'>P</span> <span class='ocrx_word' id='word_1_335' title='bbox 1516 1750 1557 1786; x_wconf 96' lang='lat' dir='ltr'><strong>Q,</strong></span> <span class='ocrx_word' id='word_1_336' title='bbox 1574 1749 1613 1779; x_wconf 86' lang='lat' dir='ltr'><strong>sit</strong></span> <span class='ocrx_word' id='word_1_337' title='bbox 1627 1754 1663 1778; x_wconf 80' lang='lat' dir='ltr'><strong>ut</strong></span> <span class='ocrx_word' id='word_1_338' title='bbox 1679 1748 1707 1778; x_wconf 90' lang='lat' dir='ltr'>B</span> <span class='ocrx_word' id='word_1_339' title='bbox 1725 1747 1776 1778; x_wconf 84' lang='lat' dir='ltr'><strong>P²</strong></span> <span class='ocrx_word' id='word_1_340' title='bbox 1786 1764 1828 1772; x_wconf 91' lang='lat'>—</span> <span class='ocrx_word' id='word_1_341' title='bbox 1841 1747 1870 1777; x_wconf 91' lang='lat' dir='ltr'><strong>B</strong></span> <span class='ocrx_word' id='word_1_342' title='bbox 1883 1747 1951 1783; x_wconf 85' lang='lat' dir='ltr'>D2,</span> 
     </span>
    </p>

    <p class='ocr_par' dir='ltr' id='par_1_7' title="bbox 248 1789 1954 1918">
     <span class='ocr_line' id='line_1_27' title="bbox 292 1789 1952 1831; baseline -0.002 -9"><span class='ocrx_word' id='word_1_343' title='bbox 292 1795 362 1823; x_wconf 79' lang='lat'>159.</span> <span class='ocrx_word' id='word_1_344' title='bbox 392 1792 550 1827; x_wconf 81' lang='lat' dir='ltr'><strong>Quoniam</strong></span> <span class='ocrx_word' id='word_1_345' title='bbox 564 1791 618 1822; x_wconf 91' lang='lat' dir='ltr'><strong>ubi</strong></span> <span class='ocrx_word' id='word_1_346' title='bbox 633 1791 667 1820; x_wconf 87' lang='lat' dir='ltr'><strong>in</strong></span> <span class='ocrx_word' id='word_1_347' title='bbox 681 1793 815 1831; x_wconf 87' lang='lat' dir='ltr'><strong>corporis</strong></span> <span class='ocrx_word' id='word_1_348' title='bbox 829 1792 978 1823; x_wconf 90' lang='lat' dir='ltr'><strong>descensu</strong></span> <span class='ocrx_word' id='word_1_349' title='bbox 1002 1793 1031 1824; x_wconf 94' lang='grc' dir='ltr'>Β</span> <span class='ocrx_word' id='word_1_350' title='bbox 1051 1793 1080 1824; x_wconf 85' lang='grc' dir='ltr'>Ρ</span> <span class='ocrx_word' id='word_1_351' title='bbox 1122 1794 1179 1824; x_wconf 80' lang='lat' dir='ltr'><strong>erit</strong></span> <span class='ocrx_word' id='word_1_352' title='bbox 1193 1803 1262 1824; x_wconf 84' lang='lat' dir='ltr'><strong>area</strong></span> <span class='ocrx_word' id='word_1_353' title='bbox 1280 1794 1312 1823; x_wconf 94' lang='lat' dir='ltr'>D</span> <span class='ocrx_word' id='word_1_354' title='bbox 1330 1794 1359 1824; x_wconf 91' lang='lat' dir='ltr'>T</span> <span class='ocrx_word' id='word_1_355' title='bbox 1376 1793 1407 1823; x_wconf 93' lang='lat' dir='ltr'><strong>V</strong></span> <span class='ocrx_word' id='word_1_356' title='bbox 1421 1801 1458 1822; x_wconf 88' lang='lat' dir='ltr'><strong>ut</strong></span> <span class='ocrx_word' id='word_1_357' title='bbox 1473 1792 1581 1822; x_wconf 84' lang='lat' dir='ltr'><strong>datum</strong></span> <span class='ocrx_word' id='word_1_358' title='bbox 1598 1791 1627 1821; x_wconf 93' lang='lat' dir='ltr'>B</span> <span class='ocrx_word' id='word_1_359' title='bbox 1645 1790 1678 1821; x_wconf 92' lang='lat' dir='ltr'>D</span> <span class='ocrx_word' id='word_1_360' title='bbox 1693 1792 1719 1820; x_wconf 91' lang='lat'><strong>².</strong></span> <span class='ocrx_word' id='word_1_361' title='bbox 1767 1789 1883 1820; x_wconf 84' lang='lat' dir='ltr'><strong>Crescit</strong></span> <span class='ocrx_word' id='word_1_362' title='bbox 1892 1789 1952 1829; x_wconf 81' lang='lat' dir='ltr'><strong>igi-</strong></span> 
     </span>
     <span class='ocr_line' id='line_1_28' title="bbox 248 1830 1954 1874; baseline 0 -11"><span class='ocrx_word' id='word_1_363' title='bbox 248 1833 284 1864; x_wconf 88' lang='lat' dir='ltr'><strong>fit</strong></span> <span class='ocrx_word' id='word_1_364' title='bbox 297 1846 343 1863; x_wconf 93' lang='lat'>=</span> <span class='ocrx_word' id='word_1_365' title='bbox 362 1834 390 1865; x_wconf 86' lang='lat' dir='ltr'>B</span> <span class='ocrx_word' id='word_1_366' title='bbox 409 1834 452 1871; x_wconf 94' lang='lat' dir='ltr'><strong>D,</strong></span> <span class='ocrx_word' id='word_1_367' title='bbox 468 1833 603 1874; x_wconf 82' lang='lat' dir='ltr'><strong>angulus</strong></span> <span class='ocrx_word' id='word_1_368' title='bbox 621 1834 649 1864; x_wconf 93' lang='lat' dir='ltr'>B</span> <span class='ocrx_word' id='word_1_369' title='bbox 668 1834 701 1864; x_wconf 95' lang='lat' dir='ltr'>D</span> <span class='ocrx_word' id='word_1_370' title='bbox 720 1835 747 1864; x_wconf 90' lang='lat' dir='ltr'>P</span> <span class='ocrx_word' id='word_1_371' title='bbox 763 1835 955 1865; x_wconf 84' lang='lat' dir='ltr'><strong>semi-rectus</strong></span> <span class='ocrx_word' id='word_1_372' title='bbox 969 1836 1078 1874; x_wconf 80' lang='lat' dir='ltr'><strong>evadit,</strong></span> <span class='ocrx_word' id='word_1_373' title='bbox 1123 1842 1177 1866; x_wconf 83' lang='lat' dir='ltr'><strong>tur</strong></span> <span class='ocrx_word' id='word_1_374' title='bbox 1191 1846 1261 1866; x_wconf 81' lang='lat' dir='ltr'><strong>area</strong></span> <span class='ocrx_word' id='word_1_375' title='bbox 1277 1835 1307 1865; x_wconf 79' lang='lat' dir='ltr'>E</span> <span class='ocrx_word' id='word_1_376' title='bbox 1325 1836 1358 1866; x_wconf 91' lang='lat' dir='ltr'>D</span> <span class='ocrx_word' id='word_1_377' title='bbox 1375 1835 1413 1870; x_wconf 87' lang='lat' dir='ltr'><strong>T,</strong></span> <span class='ocrx_word' id='word_1_378' title='bbox 1438 1834 1632 1865; x_wconf 82' lang='lat' dir='ltr'><strong>uniformiter</strong></span> <span class='ocrx_word' id='word_1_379' title='bbox 1654 1831 1784 1873; x_wconf 85' lang='lat' dir='ltr'><strong>singulis</strong></span> <span class='ocrx_word' id='word_1_380' title='bbox 1809 1830 1954 1870; x_wconf 75' lang='lat' dir='ltr'><strong>temporis</strong></span> 
     </span>
     <span class='ocr_line' id='line_1_29' title="bbox 249 1872 1954 1918; baseline -0.001 -13"><span class='ocrx_word' id='word_1_381' title='bbox 249 1877 280 1906; x_wconf 80' lang='lat' dir='ltr'><strong>et</strong></span> <span class='ocrx_word' id='word_1_382' title='bbox 293 1882 377 1908; x_wconf 77' lang='lat' dir='ltr'><strong>recta</strong></span> <span class='ocrx_word' id='word_1_383' title='bbox 398 1877 431 1907; x_wconf 93' lang='lat' dir='ltr'>D</span> <span class='ocrx_word' id='word_1_384' title='bbox 450 1877 478 1906; x_wconf 91' lang='lat' dir='ltr'>P</span> <span class='ocrx_word' id='word_1_385' title='bbox 498 1882 689 1916; x_wconf 82' lang='lat' dir='ltr'><strong>asymptotus</strong></span> <span class='ocrx_word' id='word_1_386' title='bbox 707 1877 882 1916; x_wconf 72' lang='lat' dir='ltr'><strong>hyperbolae</strong></span> <span class='ocrx_word' id='word_1_387' title='bbox 897 1877 1081 1918; x_wconf 75' lang='lat' dir='ltr'><strong>aequilaterae</strong></span> <span class='ocrx_word' id='word_1_388' title='bbox 1123 1878 1281 1917; x_wconf 85' lang='lat' dir='ltr'><strong>&#39;particulis</strong></span> <span class='ocrx_word' id='word_1_389' title='bbox 1302 1877 1471 1918; x_wconf 83' lang='lat' dir='ltr'><strong>aequalibus</strong></span> <span class='ocrx_word' id='word_1_390' title='bbox 1485 1887 1540 1915; x_wconf 84' lang='lat' dir='ltr'><strong>per</strong></span> <span class='ocrx_word' id='word_1_391' title='bbox 1554 1875 1743 1906; x_wconf 81' lang='lat' dir='ltr'><strong>additionem</strong></span> <span class='ocrx_word' id='word_1_392' title='bbox 1756 1873 1886 1904; x_wconf 77' lang='lat' dir='ltr'><strong>totidem</strong></span> <span class='ocrx_word' id='word_1_393' title='bbox 1899 1872 1954 1904; x_wconf 76' lang='lat' dir='ltr'><strong>da-</strong></span> 
     </span>
    </p>
   </div>
   <div class='ocr_carea' id='block_1_7' title="bbox 252 1914 1978 1993">
    <p class='ocr_par' dir='ltr' id='par_1_8' title="bbox 252 1914 1978 1993">
     <span class='ocr_line' id='line_1_30' title="bbox 253 1914 1978 1962; baseline -0.002 -13"><span class='ocrx_word' id='word_1_394' title='bbox 253 1919 282 1948; x_wconf 85' lang='lat' dir='ltr'>B</span> <span class='ocrx_word' id='word_1_395' title='bbox 300 1919 329 1949; x_wconf 85' lang='lat' dir='ltr'><strong>E</strong></span> <span class='ocrx_word' id='word_1_396' title='bbox 348 1919 379 1949; x_wconf 90' lang='lat' dir='ltr'>T</span> <span class='ocrx_word' id='word_1_397' title='bbox 390 1934 397 1953; x_wconf 63' lang='grc' dir='ltr'>ς</span> <span class='ocrx_word' id='word_1_398' title='bbox 423 1918 624 1949; x_wconf 76' lang='lat' dir='ltr'><strong>manifestum</strong></span> <span class='ocrx_word' id='word_1_399' title='bbox 646 1925 691 1949; x_wconf 84' lang='lat' dir='ltr'><strong>est</strong></span> <span class='ocrx_word' id='word_1_400' title='bbox 711 1919 794 1959; x_wconf 85' lang='lat' dir='ltr'><strong>quod</strong></span> <span class='ocrx_word' id='word_1_401' title='bbox 816 1929 926 1959; x_wconf 86' lang='lat' dir='ltr'><strong>corpus</strong></span> <span class='ocrx_word' id='word_1_402' title='bbox 940 1931 958 1950; x_wconf 87' lang='lat' dir='ltr'><strong>e</strong></span> <span class='ocrx_word' id='word_1_403' title='bbox 979 1922 1082 1962; x_wconf 87' lang='lat' dir='ltr'><strong>quiete</strong></span> <span class='ocrx_word' id='word_1_404' title='bbox 1123 1926 1225 1951; x_wconf 81' lang='lat' dir='ltr'><strong>tarum</strong></span> <span class='ocrx_word' id='word_1_405' title='bbox 1234 1920 1453 1960; x_wconf 78' lang='lat' dir='ltr'><strong>particularum</strong></span> <span class='ocrx_word' id='word_1_406' title='bbox 1470 1919 1502 1950; x_wconf 94' lang='lat' dir='ltr'>D</span> <span class='ocrx_word' id='word_1_407' title='bbox 1516 1918 1595 1955; x_wconf 86' lang='lat' dir='ltr'><strong>TV,</strong></span> <span class='ocrx_word' id='word_1_408' title='bbox 1611 1923 1642 1949; x_wconf 85' lang='lat' dir='ltr'><strong>et</strong></span> <span class='ocrx_word' id='word_1_409' title='bbox 1655 1914 1814 1957; x_wconf 68' lang='lat' dir='ltr'><strong>propterea</strong></span> <span class='ocrx_word' id='word_1_410' title='bbox 1823 1914 1954 1955; x_wconf 77' lang='lat' dir='ltr'><strong>tempori</strong></span> <span class='ocrx_word' id='word_1_411' title='bbox 1975 1960 1978 1962; x_wconf 18' lang='lat' dir='ltr'>d</span> 
     </span>
     <span class='ocr_line' id='line_1_31' title="bbox 252 1960 974 1993; baseline 0.001 -2"><span class='ocrx_word' id='word_1_412' title='bbox 252 1960 391 1991; x_wconf 81' lang='lat' dir='ltr'><strong>cadendo</strong></span> <span class='ocrx_word' id='word_1_413' title='bbox 411 1961 534 1990; x_wconf 89' lang='lat' dir='ltr'><strong>nonnisi</strong></span> <span class='ocrx_word' id='word_1_414' title='bbox 555 1960 675 1991; x_wconf 82' lang='lat' dir='ltr'><strong>finitam</strong></span> <span class='ocrx_word' id='word_1_415' title='bbox 698 1961 888 1993; x_wconf 76' lang='lat' dir='ltr'><strong>velocitatem</strong></span> <span class='ocrx_word' id='word_1_416' title='bbox 903 1962 974 1992; x_wconf 84' lang='lat' dir='ltr'><strong>infi-</strong></span> 
     </span>
    </p>
   </div>
   <div class='ocr_carea' id='block_1_8' title="bbox 251 2003 984 2668">
    <p class='ocr_par' dir='ltr' id='par_1_9' title="bbox 251 2003 984 2668">
     <span class='ocr_line' id='line_1_32' title="bbox 251 2003 976 2043; baseline 0.003 -11"><span class='ocrx_word' id='word_1_417' title='bbox 251 2003 317 2033; x_wconf 88' lang='lat' dir='ltr'><strong>nito</strong></span> <span class='ocrx_word' id='word_1_418' title='bbox 331 2009 468 2043; x_wconf 89' lang='lat' dir='ltr'><strong>tempore</strong></span> <span class='ocrx_word' id='word_1_419' title='bbox 482 2003 577 2041; x_wconf 85' lang='lat' dir='ltr'><strong>possit</strong></span> <span class='ocrx_word' id='word_1_420' title='bbox 599 2003 759 2043; x_wconf 78' lang='lat' dir='ltr'><strong>acquirere.</strong></span> <span class='ocrx_word' id='word_1_421' title='bbox 809 2004 878 2035; x_wconf 86' lang='lat' dir='ltr'><strong>Erit</strong></span> <span class='ocrx_word' id='word_1_422' title='bbox 893 2005 976 2034; x_wconf 87' lang='lat' dir='ltr'><strong>enim</strong></span> 
     </span>
     <span class='ocr_line' id='line_1_33' title="bbox 252 2045 977 2086; baseline 0.004 -12"><span class='ocrx_word' id='word_1_423' title='bbox 252 2045 396 2076; x_wconf 86' lang='lat' dir='ltr'><strong>velocitas</strong></span> <span class='ocrx_word' id='word_1_424' title='bbox 418 2052 556 2084; x_wconf 85' lang='lat' dir='ltr'><strong>ternpore</strong></span> <span class='ocrx_word' id='word_1_425' title='bbox 581 2045 703 2076; x_wconf 84' lang='lat' dir='ltr'><strong>infinito</strong></span> <span class='ocrx_word' id='word_1_426' title='bbox 725 2047 871 2086; x_wconf 68' lang='lat' dir='ltr'><strong>acquisita</strong></span> <span class='ocrx_word' id='word_1_427' title='bbox 897 2047 925 2077; x_wconf 92' lang='lat' dir='ltr'>B</span> <span class='ocrx_word' id='word_1_428' title='bbox 944 2047 977 2077; x_wconf 92' lang='lat' dir='ltr'>D</span> 
     </span>
     <span class='ocr_line' id='line_1_34' title="bbox 251 2086 977 2126; baseline 0.001 -8"><span class='ocrx_word' id='word_1_429' title='bbox 251 2102 296 2112; x_wconf 80' lang='lat'><strong>—-</strong></span> <span class='ocrx_word' id='word_1_430' title='bbox 311 2089 343 2118; x_wconf 90' lang='lat' dir='ltr'>A</span> <span class='ocrx_word' id='word_1_431' title='bbox 362 2089 401 2118; x_wconf 88' lang='grc' dir='ltr'><strong>Β.</strong></span> <span class='ocrx_word' id='word_1_432' title='bbox 447 2088 479 2118; x_wconf 92' lang='lat' dir='ltr'><strong>Si</strong></span> <span class='ocrx_word' id='word_1_433' title='bbox 494 2086 566 2118; x_wconf 72' lang='lat' dir='ltr'><strong>vero</strong></span> <span class='ocrx_word' id='word_1_434' title='bbox 579 2098 690 2126; x_wconf 87' lang='lat' dir='ltr'><strong>corpus</strong></span> <span class='ocrx_word' id='word_1_435' title='bbox 702 2089 881 2119; x_wconf 74' lang='lat' dir='ltr'><strong>verticnliter</strong></span> <span class='ocrx_word' id='word_1_436' title='bbox 889 2089 977 2119; x_wconf 87' lang='lat' dir='ltr'><strong>deor-</strong></span> 
     </span>
     <span class='ocr_line' id='line_1_35' title="bbox 252 2129 980 2170; baseline 0.004 -11"><span class='ocrx_word' id='word_1_437' title='bbox 252 2137 322 2159; x_wconf 88' lang='lat' dir='ltr'><strong>sum</strong></span> <span class='ocrx_word' id='word_1_438' title='bbox 348 2129 419 2160; x_wconf 67' lang='lat' dir='ltr'><strong>data</strong></span> <span class='ocrx_word' id='word_1_439' title='bbox 443 2139 515 2160; x_wconf 90' lang='lat' dir='ltr'><strong>cum</strong></span> <span class='ocrx_word' id='word_1_440' title='bbox 539 2129 696 2160; x_wconf 87' lang='lat' dir='ltr'><strong>velocitate</strong></span> <span class='ocrx_word' id='word_1_441' title='bbox 721 2130 906 2170; x_wconf 87' lang='lat' dir='ltr'><strong>projiciatur,</strong></span> <span class='ocrx_word' id='word_1_442' title='bbox 930 2131 980 2162; x_wconf 83' lang='lat' dir='ltr'><strong>vel</strong></span> 
     </span>
     <span class='ocr_line' id='line_1_36' title="bbox 252 2170 979 2204; baseline 0.004 -3"><span class='ocrx_word' id='word_1_443' title='bbox 252 2170 307 2202; x_wconf 77' lang='lat' dir='ltr'><strong>ina</strong></span> <span class='ocrx_word' id='word_1_444' title='bbox 320 2172 465 2203; x_wconf 84' lang='lat' dir='ltr'><strong>velocitas</strong></span> <span class='ocrx_word' id='word_1_445' title='bbox 478 2172 622 2201; x_wconf 76' lang='lat' dir='ltr'><strong>maximae</strong></span> <span class='ocrx_word' id='word_1_446' title='bbox 643 2182 698 2202; x_wconf 90' lang='lat' dir='ltr'><strong>seu</strong></span> <span class='ocrx_word' id='word_1_447' title='bbox 721 2172 874 2204; x_wconf 86' lang='lat' dir='ltr'><strong>terminali</strong></span> <span class='ocrx_word' id='word_1_448' title='bbox 899 2174 927 2204; x_wconf 93' lang='lat' dir='ltr'><strong>B</strong></span> <span class='ocrx_word' id='word_1_449' title='bbox 946 2174 979 2204; x_wconf 94' lang='lat' dir='ltr'>D</span> 
     </span>
     <span class='ocr_line' id='line_1_37' title="bbox 252 2214 981 2255; baseline 0.003 -11"><span class='ocrx_word' id='word_1_450' title='bbox 252 2231 296 2239; x_wconf 89' lang='lat'><strong>—</strong></span> <span class='ocrx_word' id='word_1_451' title='bbox 309 2218 340 2244; x_wconf 83' lang='grc' dir='ltr'><strong>’Λ</strong></span> <span class='ocrx_word' id='word_1_452' title='bbox 358 2215 386 2245; x_wconf 88' lang='grc' dir='ltr'>Β</span> <span class='ocrx_word' id='word_1_453' title='bbox 402 2214 527 2254; x_wconf 74' lang='lat' dir='ltr'><strong>aequalis</strong></span> <span class='ocrx_word' id='word_1_454' title='bbox 541 2220 594 2249; x_wconf 83' lang='lat' dir='ltr'><strong>est,</strong></span> <span class='ocrx_word' id='word_1_455' title='bbox 619 2214 696 2244; x_wconf 83' lang='lat' dir='ltr'><strong>etin</strong></span> <span class='ocrx_word' id='word_1_456' title='bbox 710 2215 768 2244; x_wconf 92' lang='lat' dir='ltr'><strong>hoc</strong></span> <span class='ocrx_word' id='word_1_457' title='bbox 783 2225 855 2245; x_wconf 86' lang='lat' dir='ltr'><strong>casu</strong></span> <span class='ocrx_word' id='word_1_458' title='bbox 870 2225 981 2255; x_wconf 87' lang='lat' dir='ltr'><strong>corpus</strong></span> 
     </span>
     <span class='ocr_line' id='line_1_38' title="bbox 253 2256 981 2289; baseline 0.003 -3"><span class='ocrx_word' id='word_1_459' title='bbox 253 2262 342 2286; x_wconf 89' lang='lat' dir='ltr'><strong>motu</strong></span> <span class='ocrx_word' id='word_1_460' title='bbox 365 2256 514 2286; x_wconf 84' lang='lat' dir='ltr'><strong>uniformi</strong></span> <span class='ocrx_word' id='word_1_461' title='bbox 540 2256 699 2289; x_wconf 74' lang='lat' dir='ltr'><strong>descendit</strong></span> <span class='ocrx_word' id='word_1_462' title='bbox 719 2259 758 2287; x_wconf 92' lang='lat' dir='ltr'><strong>ob</strong></span> <span class='ocrx_word' id='word_1_463' title='bbox 779 2257 981 2288; x_wconf 77' lang='lat' dir='ltr'><strong>resistentiam</strong></span> 
     </span>
     <span class='ocr_line' id='line_1_39' title="bbox 252 2299 982 2339; baseline 0.004 -11"><span class='ocrx_word' id='word_1_464' title='bbox 252 2299 394 2339; x_wconf 83' lang='lat' dir='ltr'><strong>gravitati</strong></span> <span class='ocrx_word' id='word_1_465' title='bbox 423 2299 591 2339; x_wconf 79' lang='lat' dir='ltr'><strong>aequalem3</strong></span> <span class='ocrx_word' id='word_1_466' title='bbox 622 2299 671 2329; x_wconf 89' lang='lat' dir='ltr'><strong>vel</strong></span> <span class='ocrx_word' id='word_1_467' title='bbox 699 2300 851 2330; x_wconf 87' lang='lat' dir='ltr'><strong>terminali</strong></span> <span class='ocrx_word' id='word_1_468' title='bbox 880 2301 982 2331; x_wconf 87' lang='lat' dir='ltr'><strong>minor</strong></span> 
     </span>
     <span class='ocr_line' id='line_1_40' title="bbox 255 2341 982 2382; baseline 0.003 -11"><span class='ocrx_word' id='word_1_469' title='bbox 255 2347 310 2378; x_wconf 86' lang='lat' dir='ltr'><strong>est,</strong></span> <span class='ocrx_word' id='word_1_470' title='bbox 341 2348 371 2371; x_wconf 89' lang='lat' dir='ltr'><strong>et</strong></span> <span class='ocrx_word' id='word_1_471' title='bbox 390 2341 526 2380; x_wconf 85' lang='lat' dir='ltr'><strong>corporis</strong></span> <span class='ocrx_word' id='word_1_472' title='bbox 547 2341 683 2371; x_wconf 80' lang='lat' dir='ltr'><strong>cadentis</strong></span> <span class='ocrx_word' id='word_1_473' title='bbox 706 2348 808 2372; x_wconf 90' lang='lat' dir='ltr'><strong>motus</strong></span> <span class='ocrx_word' id='word_1_474' title='bbox 832 2342 982 2382; x_wconf 68' lang='lat' dir='ltr'><strong>perpetuo</strong></span> 
     </span>
     <span class='ocr_line' id='line_1_41' title="bbox 254 2383 982 2423; baseline 0.003 -9"><span class='ocrx_word' id='word_1_475' title='bbox 254 2383 450 2418; x_wconf 82' lang='lat' dir='ltr'><strong>acceleratur,</strong></span> <span class='ocrx_word' id='word_1_476' title='bbox 467 2383 564 2414; x_wconf 87' lang='lat' dir='ltr'><strong>donec</strong></span> <span class='ocrx_word' id='word_1_477' title='bbox 579 2383 700 2414; x_wconf 84' lang='lat' dir='ltr'><strong>infinito</strong></span> <span class='ocrx_word' id='word_1_478' title='bbox 714 2390 851 2423; x_wconf 85' lang='lat' dir='ltr'><strong>tempore</strong></span> <span class='ocrx_word' id='word_1_479' title='bbox 870 2385 982 2416; x_wconf 87' lang='lat' dir='ltr'><strong>veloci-</strong></span> 
     </span>
     <span class='ocr_line' id='line_1_42' title="bbox 255 2426 981 2466; baseline 0.003 -10"><span class='ocrx_word' id='word_1_480' title='bbox 255 2432 350 2456; x_wconf 78' lang='lat' dir='ltr'><strong>tatem</strong></span> <span class='ocrx_word' id='word_1_481' title='bbox 363 2426 530 2456; x_wconf 79' lang='lat' dir='ltr'><strong>maximam</strong></span> <span class='ocrx_word' id='word_1_482' title='bbox 546 2427 701 2466; x_wconf 79' lang='lat' dir='ltr'><strong>acquirat;</strong></span> <span class='ocrx_word' id='word_1_483' title='bbox 719 2427 767 2456; x_wconf 89' lang='lat' dir='ltr'><strong>vel</strong></span> <span class='ocrx_word' id='word_1_484' title='bbox 780 2427 905 2458; x_wconf 82' lang='lat' dir='ltr'><strong>tandem</strong></span> <span class='ocrx_word' id='word_1_485' title='bbox 920 2433 981 2458; x_wconf 82' lang='lat' dir='ltr'><strong>ter-</strong></span> 
     </span>
     <span class='ocr_line' id='line_1_43' title="bbox 255 2468 983 2509; baseline 0.003 -11"><span class='ocrx_word' id='word_1_486' title='bbox 255 2468 363 2498; x_wconf 84' lang='lat' dir='ltr'><strong>minali</strong></span> <span class='ocrx_word' id='word_1_487' title='bbox 384 2468 482 2509; x_wconf 72' lang='lat' dir='ltr'><strong>major</strong></span> <span class='ocrx_word' id='word_1_488' title='bbox 502 2474 557 2504; x_wconf 87' lang='lat' dir='ltr'><strong>est,</strong></span> <span class='ocrx_word' id='word_1_489' title='bbox 584 2474 711 2508; x_wconf 85' lang='lat' dir='ltr'><strong>tumque</strong></span> <span class='ocrx_word' id='word_1_490' title='bbox 732 2470 866 2509; x_wconf 90' lang='lat' dir='ltr'><strong>corporis</strong></span> <span class='ocrx_word' id='word_1_491' title='bbox 879 2477 983 2500; x_wconf 86' lang='lat' dir='ltr'><strong>motus</strong></span> 
     </span>
     <span class='ocr_line' id='line_1_44' title="bbox 256 2509 984 2550; baseline 0.004 -10"><span class='ocrx_word' id='word_1_492' title='bbox 256 2509 407 2550; x_wconf 68' lang='lat' dir='ltr'><strong>perpetuo</strong></span> <span class='ocrx_word' id='word_1_493' title='bbox 431 2510 610 2546; x_wconf 78' lang='lat' dir='ltr'><strong>retardatur,</strong></span> <span class='ocrx_word' id='word_1_494' title='bbox 638 2510 736 2541; x_wconf 86' lang='lat' dir='ltr'><strong>donec</strong></span> <span class='ocrx_word' id='word_1_495' title='bbox 760 2512 884 2543; x_wconf 81' lang='lat' dir='ltr'><strong>infinito</strong></span> <span class='ocrx_word' id='word_1_496' title='bbox 905 2518 984 2543; x_wconf 84' lang='lat' dir='ltr'><strong>tem-</strong></span> 
     </span>
     <span class='ocr_line' id='line_1_45' title="bbox 257 2553 982 2592; baseline 0.004 -10"><span class='ocrx_word' id='word_1_497' title='bbox 257 2563 329 2592; x_wconf 82' lang='lat' dir='ltr'><strong>pore</strong></span> <span class='ocrx_word' id='word_1_498' title='bbox 344 2553 447 2592; x_wconf 78' lang='lat' dir='ltr'><strong>elapso</strong></span> <span class='ocrx_word' id='word_1_499' title='bbox 462 2553 502 2583; x_wconf 79' lang='lat' dir='ltr'><strong>ad</strong></span> <span class='ocrx_word' id='word_1_500' title='bbox 517 2553 707 2583; x_wconf 81' lang='lat' dir='ltr'><strong>velocitatem</strong></span> <span class='ocrx_word' id='word_1_501' title='bbox 729 2554 921 2585; x_wconf 81' lang='lat' dir='ltr'><strong>terminalem</strong></span> <span class='ocrx_word' id='word_1_502' title='bbox 935 2565 982 2585; x_wconf 84' lang='lat' dir='ltr'><strong>re-</strong></span> 
     </span>
     <span class='ocr_line' id='line_1_46' title="bbox 257 2595 981 2632; baseline 0.004 -7"><span class='ocrx_word' id='word_1_503' title='bbox 257 2595 406 2632; x_wconf 58' lang='lat' dir='ltr'><strong>ducatum</strong></span> <span class='ocrx_word' id='word_1_504' title='bbox 436 2596 495 2625; x_wconf 89' lang='lat' dir='ltr'><strong>hoc</strong></span> <span class='ocrx_word' id='word_1_505' title='bbox 522 2601 627 2625; x_wconf 78' lang='lat' dir='ltr'><strong>autem</strong></span> <span class='ocrx_word' id='word_1_506' title='bbox 656 2606 730 2626; x_wconf 78' lang='lat' dir='ltr'><strong>casu</strong></span> <span class='ocrx_word' id='word_1_507' title='bbox 751 2597 794 2626; x_wconf 80' lang='lat' dir='ltr'><strong>sic</strong></span> <span class='ocrx_word' id='word_1_508' title='bbox 815 2597 981 2628; x_wconf 83' lang='lat' dir='ltr'><strong>absolvitur</strong></span> 
     </span>
     <span class='ocr_line' id='line_1_47' title="bbox 255 2638 451 2668; baseline 0.005 -1"><span class='ocrx_word' id='word_1_509' title='bbox 255 2638 451 2668; x_wconf 85' lang='lat' dir='ltr'><strong>constructio.</strong></span> 
     </span>
    </p>
   </div>
   <div class='ocr_carea' id='block_1_9' title="bbox 257 2678 1958 3062">
    <p class='ocr_par' dir='ltr' id='par_1_10' title="bbox 257 2678 1958 3062">
     <span class='ocr_line' id='line_1_48' title="bbox 301 2678 1955 2723; baseline 0.001 -14"><span class='ocrx_word' id='word_1_510' title='bbox 301 2680 347 2709; x_wconf 89' lang='lat' dir='ltr'><strong>Sit</strong></span> <span class='ocrx_word' id='word_1_511' title='bbox 369 2681 398 2710; x_wconf 88' lang='lat' dir='ltr'>A</span> <span class='ocrx_word' id='word_1_512' title='bbox 415 2691 434 2711; x_wconf 78' lang='lat' dir='ltr'><strong>a</strong></span> <span class='ocrx_word' id='word_1_513' title='bbox 454 2680 596 2710; x_wconf 79' lang='lat' dir='ltr'><strong>velocitas</strong></span> <span class='ocrx_word' id='word_1_514' title='bbox 616 2679 696 2710; x_wconf 83' lang='lat' dir='ltr'><strong>datae</strong></span> <span class='ocrx_word' id='word_1_515' title='bbox 717 2681 910 2722; x_wconf 85' lang='lat' dir='ltr'><strong>projectionis</strong></span> <span class='ocrx_word' id='word_1_516' title='bbox 931 2682 1083 2715; x_wconf 82' lang='lat' dir='ltr'><strong>terminali</strong></span> <span class='ocrx_word' id='word_1_517' title='bbox 1126 2682 1290 2715; x_wconf 69' lang='lat' dir='ltr'><strong>descensus</strong></span> <span class='ocrx_word' id='word_1_518' title='bbox 1310 2681 1542 2723; x_wconf 82' lang='lat' dir='ltr'><strong>proportionalis</strong></span> <span class='ocrx_word' id='word_1_519' title='bbox 1563 2687 1618 2712; x_wconf 79' lang='lat' dir='ltr'><strong>est.</strong></span> <span class='ocrx_word' id='word_1_520' title='bbox 1668 2681 1869 2713; x_wconf 72' lang='lat' dir='ltr'><strong>Coincidente</strong></span> <span class='ocrx_word' id='word_1_521' title='bbox 1882 2678 1955 2711; x_wconf 65' lang='lat' dir='ltr'><strong>vert}</strong></span> 
     </span>
     <span class='ocr_line' id='line_1_49' title="bbox 257 2721 1956 2766; baseline 0.001 -16"><span class='ocrx_word' id='word_1_522' title='bbox 257 2722 364 2760; x_wconf 88' lang='lat' dir='ltr'><strong>major,</strong></span> <span class='ocrx_word' id='word_1_523' title='bbox 384 2724 412 2752; x_wconf 91' lang='lat' dir='ltr'>A</span> <span class='ocrx_word' id='word_1_524' title='bbox 427 2723 454 2752; x_wconf 90' lang='lat' dir='ltr'>P</span> <span class='ocrx_word' id='word_1_525' title='bbox 469 2722 611 2752; x_wconf 81' lang='lat' dir='ltr'><strong>velocitas</strong></span> <span class='ocrx_word' id='word_1_526' title='bbox 624 2721 772 2762; x_wconf 72' lang='lat' dir='ltr'><strong>perpetuo</strong></span> <span class='ocrx_word' id='word_1_527' title='bbox 787 2723 971 2761; x_wconf 80' lang='lat' dir='ltr'><strong>decrescens,</strong></span> <span class='ocrx_word' id='word_1_528' title='bbox 986 2725 1016 2755; x_wconf 84' lang='lat' dir='ltr'>A</span> <span class='ocrx_word' id='word_1_529' title='bbox 1031 2727 1084 2757; x_wconf 83' lang='lat' dir='ltr'><strong>P²</strong></span> <span class='ocrx_word' id='word_1_530' title='bbox 1126 2732 1243 2766; x_wconf 88' lang='lat' dir='ltr'><strong>puncto</strong></span> <span class='ocrx_word' id='word_1_531' title='bbox 1274 2726 1310 2763; x_wconf 90' lang='lat' dir='ltr'><strong>P,</strong></span> <span class='ocrx_word' id='word_1_532' title='bbox 1341 2735 1414 2756; x_wconf 88' lang='lat' dir='ltr'><strong>cum</strong></span> <span class='ocrx_word' id='word_1_533' title='bbox 1439 2725 1478 2760; x_wconf 82' lang='lat' dir='ltr'><strong>R,</strong></span> <span class='ocrx_word' id='word_1_534' title='bbox 1509 2730 1540 2755; x_wconf 84' lang='lat' dir='ltr'><strong>et</strong></span> <span class='ocrx_word' id='word_1_535' title='bbox 1564 2722 1635 2755; x_wconf 70' lang='lat' dir='ltr'><strong>ideo</strong></span> <span class='ocrx_word' id='word_1_536' title='bbox 1659 2724 1741 2755; x_wconf 69' lang='lat' dir='ltr'><strong>recta</strong></span> <span class='ocrx_word' id='word_1_537' title='bbox 1769 2723 1802 2754; x_wconf 93' lang='lat' dir='ltr'>D</span> <span class='ocrx_word' id='word_1_538' title='bbox 1819 2723 1856 2761; x_wconf 80' lang='lat' dir='ltr'><strong>P,</strong></span> <span class='ocrx_word' id='word_1_539' title='bbox 1881 2731 1956 2753; x_wconf 74' lang='lat' dir='ltr'><strong>mm</strong></span> 
     </span>
     <span class='ocr_line' id='line_1_50' title="bbox 259 2762 1956 2809; baseline 0.001 -16"><span class='ocrx_word' id='word_1_540' title='bbox 259 2762 323 2802; x_wconf 68' lang='grc'><strong>-1-2</strong></span> <span class='ocrx_word' id='word_1_541' title='bbox 337 2764 363 2792; x_wconf 87' lang='grc' dir='ltr'>Β</span> <span class='ocrx_word' id='word_1_542' title='bbox 373 2765 404 2793; x_wconf 92' lang='lat' dir='ltr'>A</span> <span class='ocrx_word' id='word_1_543' title='bbox 416 2764 672 2801; x_wconf 79' lang='lat' dir='ltr'><strong>Presistentia,et</strong></span> <span class='ocrx_word' id='word_1_544' title='bbox 682 2765 710 2795; x_wconf 92' lang='lat' dir='ltr'>B</span> <span class='ocrx_word' id='word_1_545' title='bbox 723 2765 756 2794; x_wconf 89' lang='lat' dir='ltr'>D</span> <span class='ocrx_word' id='word_1_546' title='bbox 766 2765 833 2789; x_wconf 84' lang='lat'><strong>²—-</strong></span> <span class='ocrx_word' id='word_1_547' title='bbox 848 2766 874 2795; x_wconf 81' lang='lat' dir='ltr'>A</span> <span class='ocrx_word' id='word_1_548' title='bbox 889 2767 918 2796; x_wconf 93' lang='lat' dir='ltr'>B</span> <span class='ocrx_word' id='word_1_549' title='bbox 929 2768 945 2785; x_wconf 85' lang='lat'><em>²</em></span> <span class='ocrx_word' id='word_1_550' title='bbox 960 2767 1004 2797; x_wconf 88' lang='lat' dir='ltr'><strong>vis</strong></span> <span class='ocrx_word' id='word_1_551' title='bbox 1015 2779 1084 2809; x_wconf 83' lang='lat' dir='ltr'><strong>gra-</strong></span> <span class='ocrx_word' id='word_1_552' title='bbox 1128 2773 1300 2809; x_wconf 78' lang='lat' dir='ltr'><strong>asymptoto</strong></span> <span class='ocrx_word' id='word_1_553' title='bbox 1315 2768 1348 2799; x_wconf 92' lang='lat' dir='ltr'>D</span> <span class='ocrx_word' id='word_1_554' title='bbox 1367 2769 1408 2805; x_wconf 81' lang='lat' dir='ltr'><strong>R,</strong></span> <span class='ocrx_word' id='word_1_555' title='bbox 1433 2767 1576 2798; x_wconf 80' lang='lat' dir='ltr'><strong>velocitas</strong></span> <span class='ocrx_word' id='word_1_556' title='bbox 1602 2767 1630 2797; x_wconf 83' lang='lat' dir='ltr'>A</span> <span class='ocrx_word' id='word_1_557' title='bbox 1649 2766 1677 2797; x_wconf 89' lang='lat' dir='ltr'>P</span> <span class='ocrx_word' id='word_1_558' title='bbox 1698 2765 1851 2797; x_wconf 70' lang='lat' dir='ltr'><strong>terminali</strong></span> <span class='ocrx_word' id='word_1_559' title='bbox 1874 2766 1905 2796; x_wconf 81' lang='lat' dir='ltr'><strong>A</strong></span> <span class='ocrx_word' id='word_1_560' title='bbox 1924 2764 1956 2795; x_wconf 82' lang='lat' dir='ltr'><strong>R</strong></span> 
     </span>
     <span class='ocr_line' id='line_1_51' title="bbox 258 2805 1956 2850; baseline 0.001 -14"><span class='ocrx_word' id='word_1_561' title='bbox 258 2807 376 2844; x_wconf 75' lang='lat' dir='ltr'><strong>vitatis;</strong></span> <span class='ocrx_word' id='word_1_562' title='bbox 393 2808 538 2838; x_wconf 66' lang='lat' dir='ltr'><strong>existente</strong></span> <span class='ocrx_word' id='word_1_563' title='bbox 553 2818 670 2848; x_wconf 76' lang='lat' dir='ltr'><strong>augum</strong></span> <span class='ocrx_word' id='word_1_564' title='bbox 687 2809 719 2838; x_wconf 93' lang='lat' dir='ltr'>D</span> <span class='ocrx_word' id='word_1_565' title='bbox 737 2809 765 2839; x_wconf 94' lang='lat' dir='ltr'>B</span> <span class='ocrx_word' id='word_1_566' title='bbox 785 2809 815 2839; x_wconf 88' lang='lat' dir='ltr'><strong>A</strong></span> <span class='ocrx_word' id='word_1_567' title='bbox 830 2815 913 2839; x_wconf 85' lang='lat' dir='ltr'><strong>recto</strong></span> <span class='ocrx_word' id='word_1_568' title='bbox 922 2820 932 2847; x_wconf 70' lang='grc' dir='ltr'><strong>ς</strong></span> <span class='ocrx_word' id='word_1_569' title='bbox 956 2815 986 2840; x_wconf 87' lang='lat' dir='ltr'><strong>et</strong></span> <span class='ocrx_word' id='word_1_570' title='bbox 1001 2812 1075 2842; x_wconf 78' lang='lat' dir='ltr'><strong>sica</strong></span> <span class='ocrx_word' id='word_1_571' title='bbox 1128 2821 1183 2841; x_wconf 86' lang='lat' dir='ltr'><strong>seu</strong></span> <span class='ocrx_word' id='word_1_572' title='bbox 1200 2811 1228 2842; x_wconf 86' lang='lat' dir='ltr'><strong>B</strong></span> <span class='ocrx_word' id='word_1_573' title='bbox 1242 2811 1325 2842; x_wconf 86' lang='lat' dir='ltr'><strong>D—</strong></span> <span class='ocrx_word' id='word_1_574' title='bbox 1337 2810 1367 2841; x_wconf 87' lang='lat' dir='ltr'><strong>A</strong></span> <span class='ocrx_word' id='word_1_575' title='bbox 1386 2810 1414 2841; x_wconf 93' lang='lat' dir='ltr'>B</span> <span class='ocrx_word' id='word_1_576' title='bbox 1427 2809 1551 2850; x_wconf 83' lang='lat' dir='ltr'><strong>aequalis</strong></span> <span class='ocrx_word' id='word_1_577' title='bbox 1565 2809 1674 2846; x_wconf 80' lang='lat' dir='ltr'><strong>evadit,</strong></span> <span class='ocrx_word' id='word_1_578' title='bbox 1689 2814 1825 2839; x_wconf 73' lang='lat' dir='ltr'><strong>etseetor</strong></span> <span class='ocrx_word' id='word_1_579' title='bbox 1835 2807 1869 2838; x_wconf 90' lang='lat' dir='ltr'>D</span> <span class='ocrx_word' id='word_1_580' title='bbox 1881 2806 1912 2838; x_wconf 79' lang='lat' dir='ltr'><strong>E</strong></span> <span class='ocrx_word' id='word_1_581' title='bbox 1926 2805 1956 2838; x_wconf 87' lang='grc' dir='ltr'>Τ</span> 
     </span>
     <span class='ocr_line' id='line_1_52' title="bbox 257 2847 1952 2892; baseline 0.001 -14"><span class='ocrx_word' id='word_1_582' title='bbox 257 2849 358 2887; x_wconf 84' lang='lat' dir='ltr'><strong>piatur</strong></span> <span class='ocrx_word' id='word_1_583' title='bbox 378 2851 404 2879; x_wconf 88' lang='lat' dir='ltr'>B</span> <span class='ocrx_word' id='word_1_584' title='bbox 423 2850 454 2879; x_wconf 81' lang='lat' dir='ltr'><strong>R</strong></span> <span class='ocrx_word' id='word_1_585' title='bbox 468 2863 513 2879; x_wconf 92' lang='lat'><strong><em>=</em></strong></span> <span class='ocrx_word' id='word_1_586' title='bbox 532 2851 560 2881; x_wconf 91' lang='lat' dir='ltr'><strong>B</strong></span> <span class='ocrx_word' id='word_1_587' title='bbox 581 2851 622 2887; x_wconf 82' lang='lat' dir='ltr'><strong>D,</strong></span> <span class='ocrx_word' id='word_1_588' title='bbox 639 2850 888 2891; x_wconf 68' lang='lat' dir='ltr'><strong>complenturque</strong></span> <span class='ocrx_word' id='word_1_589' title='bbox 901 2847 1087 2891; x_wconf 80' lang='lat' dir='ltr'><strong>quadratum</strong></span> <span class='ocrx_word' id='word_1_590' title='bbox 1128 2853 1278 2891; x_wconf 87' lang='lat' dir='ltr'><strong>infinitus,</strong></span> <span class='ocrx_word' id='word_1_591' title='bbox 1293 2852 1480 2892; x_wconf 82' lang='lat' dir='ltr'><strong>proindeque</strong></span> <span class='ocrx_word' id='word_1_592' title='bbox 1494 2859 1616 2891; x_wconf 87' lang='lat' dir='ltr'><strong>tempus</strong></span> <span class='ocrx_word' id='word_1_593' title='bbox 1630 2852 1723 2882; x_wconf 79' lang='lat' dir='ltr'><strong>etiam</strong></span> <span class='ocrx_word' id='word_1_594' title='bbox 1736 2849 1894 2884; x_wconf 79' lang='lat' dir='ltr'><strong>infinitum</strong></span> <span class='ocrx_word' id='word_1_595' title='bbox 1906 2847 1952 2879; x_wconf 72' lang='lat' dir='ltr'><strong>m.</strong></span> 
     </span>
     <span class='ocr_line' id='line_1_53' title="bbox 260 2892 1263 2933; baseline 0.005 -12"><span class='ocrx_word' id='word_1_596' title='bbox 260 2892 293 2921; x_wconf 92' lang='lat' dir='ltr'>D</span> <span class='ocrx_word' id='word_1_597' title='bbox 313 2893 339 2922; x_wconf 87' lang='lat' dir='ltr'>B</span> <span class='ocrx_word' id='word_1_598' title='bbox 360 2892 389 2922; x_wconf 76' lang='lat' dir='ltr'>R</span> <span class='ocrx_word' id='word_1_599' title='bbox 408 2892 443 2927; x_wconf 88' lang='lat' dir='ltr'><strong>F,</strong></span> <span class='ocrx_word' id='word_1_600' title='bbox 469 2903 503 2922; x_wconf 85' lang='lat' dir='ltr'><strong>ac</strong></span> <span class='ocrx_word' id='word_1_601' title='bbox 525 2898 630 2922; x_wconf 89' lang='lat' dir='ltr'><strong>centro</strong></span> <span class='ocrx_word' id='word_1_602' title='bbox 648 2893 680 2922; x_wconf 91' lang='lat' dir='ltr'>D</span> <span class='ocrx_word' id='word_1_603' title='bbox 695 2899 727 2923; x_wconf 85' lang='lat' dir='ltr'><strong>et</strong></span> <span class='ocrx_word' id='word_1_604' title='bbox 746 2895 854 2924; x_wconf 84' lang='lat' dir='ltr'><strong>vertice</strong></span> <span class='ocrx_word' id='word_1_605' title='bbox 876 2894 1035 2933; x_wconf 85' lang='lat' dir='ltr'><strong>principali</strong></span> <span class='ocrx_word' id='word_1_606' title='bbox 1061 2895 1087 2926; x_wconf 89' lang='lat' dir='ltr'><strong>F</strong></span> <span class='ocrx_word' id='word_1_607' title='bbox 1133 2896 1174 2931; x_wconf 70' lang='lat' dir='ltr'><strong>Q„</strong></span> <span class='ocrx_word' id='word_1_608' title='bbox 1187 2906 1213 2926; x_wconf 89' lang='lat' dir='ltr'><strong>e.</strong></span> <span class='ocrx_word' id='word_1_609' title='bbox 1232 2895 1263 2926; x_wconf 87' lang='lat' dir='ltr'><strong>d.</strong></span> 
     </span>
     <span class='ocr_line' id='line_1_54' title="bbox 257 2933 1957 2976; baseline 0 -13"><span class='ocrx_word' id='word_1_610' title='bbox 257 2933 443 2964; x_wconf 81' lang='lat' dir='ltr'><strong>describatur</strong></span> <span class='ocrx_word' id='word_1_611' title='bbox 458 2935 623 2973; x_wconf 81' lang='lat' dir='ltr'><strong>hyperbola</strong></span> <span class='ocrx_word' id='word_1_612' title='bbox 635 2935 817 2976; x_wconf 78' lang='lat' dir='ltr'><strong>rectangula</strong></span> <span class='ocrx_word' id='word_1_613' title='bbox 834 2936 860 2966; x_wconf 91' lang='lat' dir='ltr'><strong>F</strong></span> <span class='ocrx_word' id='word_1_614' title='bbox 878 2937 906 2966; x_wconf 80' lang='lat' dir='ltr'><strong>E</strong></span> <span class='ocrx_word' id='word_1_615' title='bbox 924 2937 953 2967; x_wconf 93' lang='lat' dir='ltr'>T</span> <span class='ocrx_word' id='word_1_616' title='bbox 971 2938 1010 2971; x_wconf 88' lang='lat' dir='ltr'><strong>V,</strong></span> <span class='ocrx_word' id='word_1_617' title='bbox 1038 2948 1084 2968; x_wconf 89' lang='lat' dir='ltr'><strong>se·</strong></span> <span class='ocrx_word' id='word_1_618' title='bbox 1175 2942 1242 2969; x_wconf 81' lang='lat'>140.</span> <span class='ocrx_word' id='word_1_619' title='bbox 1281 2937 1369 2968; x_wconf 84' lang='lat' dir='ltr'><strong>Hinc</strong></span> <span class='ocrx_word' id='word_1_620' title='bbox 1383 2937 1476 2968; x_wconf 83' lang='lat' dir='ltr'><strong>etiam</strong></span> <span class='ocrx_word' id='word_1_621' title='bbox 1490 2935 1515 2967; x_wconf 80' lang='lat' dir='ltr'><strong>si</strong></span> <span class='ocrx_word' id='word_1_622' title='bbox 1530 2941 1635 2967; x_wconf 84' lang='lat' dir='ltr'><strong>centro</strong></span> <span class='ocrx_word' id='word_1_623' title='bbox 1651 2936 1695 2974; x_wconf 87' lang='lat' dir='ltr'><strong>D,</strong></span> <span class='ocrx_word' id='word_1_624' title='bbox 1717 2933 1957 2966; x_wconf 75' lang='lat' dir='ltr'><strong>semi-diametro</strong></span> 
     </span>
     <span class='ocr_line' id='line_1_55' title="bbox 257 2975 1958 3020; baseline 0.001 -15"><span class='ocrx_word' id='word_1_625' title='bbox 257 2985 330 3005; x_wconf 88' lang='lat' dir='ltr'><strong>cans</strong></span> <span class='ocrx_word' id='word_1_626' title='bbox 355 2983 451 3006; x_wconf 83' lang='lat' dir='ltr'><strong>rectas</strong></span> <span class='ocrx_word' id='word_1_627' title='bbox 479 2978 511 3007; x_wconf 96' lang='lat' dir='ltr'><strong>D</strong></span> <span class='ocrx_word' id='word_1_628' title='bbox 526 2987 553 3011; x_wconf 79' lang='lat' dir='ltr'><strong>a,</strong></span> <span class='ocrx_word' id='word_1_629' title='bbox 582 2978 614 3007; x_wconf 93' lang='lat' dir='ltr'><strong>D</strong></span> <span class='ocrx_word' id='word_1_630' title='bbox 632 2978 659 3008; x_wconf 90' lang='lat' dir='ltr'>P</span> <span class='ocrx_word' id='word_1_631' title='bbox 684 2984 716 3008; x_wconf 84' lang='lat' dir='ltr'><strong>et</strong></span> <span class='ocrx_word' id='word_1_632' title='bbox 743 2981 773 3008; x_wconf 76' lang='grc'><strong>1.)</strong></span> <span class='ocrx_word' id='word_1_633' title='bbox 793 2979 834 3015; x_wconf 89' lang='lat' dir='ltr'><strong>Q,</strong></span> <span class='ocrx_word' id='word_1_634' title='bbox 859 2978 891 3008; x_wconf 90' lang='lat' dir='ltr'><strong>in</strong></span> <span class='ocrx_word' id='word_1_635' title='bbox 909 2978 950 3016; x_wconf 83' lang='lat' dir='ltr'><strong>E,</strong></span> <span class='ocrx_word' id='word_1_636' title='bbox 975 2980 1014 3016; x_wconf 93' lang='lat' dir='ltr'><strong>T,</strong></span> <span class='ocrx_word' id='word_1_637' title='bbox 1034 2980 1084 3018; x_wconf 81' lang='lat' dir='ltr'><strong>V;</strong></span> <span class='ocrx_word' id='word_1_638' title='bbox 1131 2980 1164 3011; x_wconf 96' lang='lat' dir='ltr'><strong>D</strong></span> <span class='ocrx_word' id='word_1_639' title='bbox 1181 2991 1208 3018; x_wconf 85' lang='lat' dir='ltr'><strong>a,</strong></span> <span class='ocrx_word' id='word_1_640' title='bbox 1226 2990 1280 3019; x_wconf 88' lang='lat' dir='ltr'><strong>per</strong></span> <span class='ocrx_word' id='word_1_641' title='bbox 1293 2979 1476 3020; x_wconf 31' lang='lat' dir='ltr'><strong>verticemba,</strong></span> <span class='ocrx_word' id='word_1_642' title='bbox 1500 2978 1630 3010; x_wconf 78' lang='lat' dir='ltr'><strong>ducatur</strong></span> <span class='ocrx_word' id='word_1_643' title='bbox 1644 2988 1732 3009; x_wconf 83' lang='lat' dir='ltr'><strong>arcus</strong></span> <span class='ocrx_word' id='word_1_644' title='bbox 1745 2975 1958 3019; x_wconf 73' lang='lat' dir='ltr'><strong>hyperbolicu-</strong></span> 
     </span>
     <span class='ocr_line' id='line_1_56' title="bbox 258 3017 1958 3062; baseline 0.001 -15"><span class='ocrx_word' id='word_1_645' title='bbox 258 3024 380 3057; x_wconf 79' lang='lat' dir='ltr'><strong>tempus</strong></span> <span class='ocrx_word' id='word_1_646' title='bbox 405 3018 567 3050; x_wconf 66' lang='lat' dir='ltr'><strong>descensus</strong></span> <span class='ocrx_word' id='word_1_647' title='bbox 591 3021 630 3050; x_wconf 83' lang='lat' dir='ltr'><strong>ab</strong></span> <span class='ocrx_word' id='word_1_648' title='bbox 660 3020 749 3050; x_wconf 87' lang='lat' dir='ltr'><strong>initio</strong></span> <span class='ocrx_word' id='word_1_649' title='bbox 777 3019 937 3062; x_wconf 70' lang='lat' dir='ltr'><strong>usquequo</strong></span> <span class='ocrx_word' id='word_1_650' title='bbox 965 3022 1087 3053; x_wconf 75' lang='lat' dir='ltr'><strong>residua</strong></span> <span class='ocrx_word' id='word_1_651' title='bbox 1129 3033 1148 3053; x_wconf 82' lang='lat' dir='ltr'><strong>a</strong></span> <span class='ocrx_word' id='word_1_652' title='bbox 1162 3029 1175 3053; x_wconf 89' lang='lat' dir='ltr'><strong>t</strong></span> <span class='ocrx_word' id='word_1_653' title='bbox 1200 3022 1309 3053; x_wconf 81' lang='lat' dir='ltr'><strong>similis</strong></span> <span class='ocrx_word' id='word_1_654' title='bbox 1334 3022 1418 3053; x_wconf 81' lang='lat' dir='ltr'><strong>arcui</strong></span> <span class='ocrx_word' id='word_1_655' title='bbox 1445 3021 1476 3051; x_wconf 85' lang='lat' dir='ltr'><strong>E</strong></span> <span class='ocrx_word' id='word_1_656' title='bbox 1493 3021 1531 3057; x_wconf 89' lang='lat' dir='ltr'><strong>T,</strong></span> <span class='ocrx_word' id='word_1_657' title='bbox 1557 3026 1588 3051; x_wconf 86' lang='lat' dir='ltr'><strong>et</strong></span> <span class='ocrx_word' id='word_1_658' title='bbox 1610 3020 1748 3051; x_wconf 80' lang='lat' dir='ltr'><strong>similiter</strong></span> <span class='ocrx_word' id='word_1_659' title='bbox 1772 3017 1958 3050; x_wconf 71' lang='lat' dir='ltr'><strong>subtendm</strong></span> 
     </span>
    </p>
   </div>
   <div class='ocr_carea' id='block_1_10' title="bbox 1015 2020 1955 2617">
    <p class='ocr_par' dir='ltr' id='par_1_11' title="bbox 1015 2020 1955 2617">
     <span class='ocr_line' id='line_1_57' title="bbox 1015 2020 1955 2617; baseline 0 931"><span class='ocrx_word' id='word_1_660' title='bbox 1015 2020 1955 2617; x_wconf 95' lang='lat' dir='ltr'><strong> </strong></span> 
     </span>
    </p>
   </div>
   <div class='ocr_carea' id='block_1_11' title="bbox 1095 3108 1115 3136">
    <p class='ocr_par' dir='ltr' id='par_1_12' title="bbox 1095 3108 1115 3136">
     <span class='ocr_line' id='line_1_58' title="bbox 1095 3108 1115 3136; baseline 0 0"><span class='ocrx_word' id='word_1_661' title='bbox 1095 3108 1115 3136; x_wconf 65' lang='grc' dir='ltr'><strong>ὅ</strong></span> 
     </span>
    </p>
   </div>
  </div>
 </body>
</html>
