2066 3548
145 271 294 314 anit
306 270 533 322 Secum]
575 266 896 311 PRINCIPIA
910 280 913 283 ·
927 266 1417 310 MATHEMATICA.

436 438 818 484 PROPOSITIO
848 439 976 482 LIII.

1772 273 1854 310 313

1038 439 1399 482 THEOREMA
1427 439 1553 482 XLI.

149 556 342 609 Corpora,
365 569 453 610 quae
467 556 511 596 in
530 556 676 597 vortice
690 556 825 596 delata
845 555 889 595 in
908 555 1036 595 orbem
1054 555 1231 604 redeunt,
1253 554 1419 609 ejusdem
1437 561 1529 596 sunt
1547 555 1757 596 densitatis
1771 569 1853 596 cum

205 628 364 676 vortice,
395 633 435 669 et
453 625 586 667 eddem
606 627 690 681 lege
709 640 792 667 cum
821 627 945 680 ipsius
954 625 1144 680 partibus
1163 627 1295 680 quoad
1313 627 1555 667 velocitatem
1575 631 1614 667 et
1633 640 1766 668 cursus
1786 628 1853 667 de-

203 699 517 739 terminationem
537 703 750 739 moventur.

206 822 316 864 Nam
337 823 372 864 si
391 823 556 865 vorticis
574 837 672 879 pars
692 823 830 880 aliqua
848 823 1011 881 exigua,
1042 824 1158 879 cujus
1185 823 1400 879 particulae
1419 839 1492 866 seu
1510 831 1665 879 puncta
1683 821 1854 880 physica

149 892 292 937 datum
311 900 476 935 servant
495 893 618 935 situm
630 894 738 936 inter
758 909 814 945 se,
837 894 1046 952 congelari
1066 896 1345 950 supponatur}
1375 894 1479 946 haec,
1503 895 1698 951 quoniam
1717 909 1853 951 neque

148 1020 273 1053 difficile
287 1022 327 1052 sit
340 1023 379 1053 ab
392 1022 440 1053 his
461 1022 589 1064 aliisque
610 1022 901 1055 contradictionibus
921 1024 979 1064 hy-

148 1065 299 1104 pothesim
315 1065 465 1096 vorticum
487 1065 622 1102 liberare,
646 1076 684 1096 ex
698 1066 788 1097 variis
806 1065 865 1096 hac
886 1065 925 1096 de
946 1076 980 1096 re

148 1106 340 1138 eruditorum
348 1107 610 1139 dissertationibus
623 1108 696 1139 satis
709 1108 907 1139 manifestum
922 1115 976 1139 est.

152 1148 232 1179 Vide
248 1149 396 1180 Leibnitii
409 1156 565 1181 tentamen
580 1151 619 1181 de
636 1151 786 1182 Motuum
802 1150 983 1182 coelestium

151 1192 277 1229 Causis3
291 1191 460 1223 Villemotii
471 1203 549 1232 opus
557 1192 597 1223 de
606 1193 783 1224 Vorticibus
788 1206 798 1231 ;
815 1193 983 1224 illustrissi-

147 1233 193 1264 mi
209 1234 398 1265 Marchionis
423 1234 533 1267 Poleni
555 1235 714 1276 dialogum
728 1235 768 1266 de
781 1235 888 1267 effidem
910 1246 976 1266 ma·

147 1276 224 1307 teria
232 1288 243 1314 ;
276 1277 513 1309 Dissertationes
533 1277 660 1309 celeber.
686 1278 821 1309 virorum
854 1277 977 1308 Saurini

146 1319 181 1348 in
193 1319 314 1350 Comm.
327 1319 424 1351 Acad.
439 1321 519 1361 Reg.
532 1320 643 1351 Scient.
656 1330 705 1352 an.
723 1324 828 1358 1709„
843 1320 978 1351 Bulffin-

147 1361 212 1402 geri
223 1361 262 1392 de
273 1362 375 1392 Causa
389 1363 564 1400 Gravitatis,
575 1363 599 1394 J
600 1373 668 1394 oan-
676 1363 837 1394 Bernoulli
853 1363 977 1403 Cogita-

147 1405 247 1434 tiones
257 1404 362 1434 Novas
370 1404 410 1435 de
421 1406 592 1446 Systemate
601 1405 739 1443 Cartesii,
746 1405 977 1447 ejusdeml’hy.

148 1445 242 1476 sicam
256 1447 419 1478 Coelestem
434 1449 514 1478 inter
528 1448 704 1478 Academiae
712 1448 978 1488 praemianomini

95 1486 109 1490 i*
148 1488 188 1519 de
204 1489 352 1519 Molieres
368 1490 532 1521 Lectiones
548 1490 703 1530 Physica&

191 1531 365 1562 Illustrium
380 1533 545 1564 authorum
559 1533 613 1574 qui
623 1533 774 1564 vorticum
784 1532 977 1573 hypothesim

147 1573 271 1604 strenue
296 1574 499 1613 vindicarunt,
526 1576 624 1606 varias
643 1575 702 1606 hac
722 1575 761 1607 de
781 1577 814 1606 tle
835 1575 975 1606 disserta-

147 1616 247 1646 tiones
267 1616 318 1647 hic
338 1627 514 1656 percurrere
534 1617 627 1648 nimis
647 1618 778 1659 longum
798 1617 886 1655 foret,
918 1628 976 1649 nec

146 1665 248 1688 tantas
261 1669 445 1698 componere
456 1660 524 1691 lites
538 1667 677 1691 nostrum
691 1666 747 1692 est.
795 1659 878 1691 Eani
892 1661 976 1691 enim

150 1700 323 1731 Newtonus
337 1702 393 1733 sibi
410 1702 459 1732 vel
477 1702 611 1734 maxime
629 1702 874 1744 impugnandam
888 1713 974 1733 assu-

146 1743 205 1773 mit
229 1744 380 1774 vorticum
401 1745 596 1785 hypothesim
619 1755 712 1785 quam
737 1744 892 1776 Cal-tesius
912 1745 978 1784 ipse

146 1786 354 1823 constituerat,
370 1790 518 1828 natasque
531 1793 599 1827 post
613 1787 703 1827 primi
717 1788 832 1818 autoris
846 1794 977 1818 mortem

146 1828 244 1869 hujus
268 1830 438 1869 systematis
462 1829 691 1860 emendationes
714 1840 807 1870 quam
829 1830 977 1869 plurimas

147 1871 255 1901 saltem
277 1871 390 1903 dIrecte
414 1883 477 1903 non
506 1872 590 1912 petit.
639 1873 685 1903 At
707 1872 829 1903 silentio
852 1878 976 1911 praeter-

146 1913 270 1944 mittere
291 1924 354 1944 non
375 1915 447 1946 licet
467 1914 709 1946 dissertationem
729 1914 898 1946 doctissimi
918 1914 975 1945 viri

147 1955 240 1986 Joan.
276 1957 446 1987 Bernoullii
474 1959 513 1988 ab
544 1956 715 1988 Academia
748 1957 849 1999 Regia
876 1957 972 1988 Paris.

147 1998 275 2036 praemio
296 1998 536 2034 condecoratam,
560 2000 610 2030 cui
631 1999 740 2030 titulus
754 2005 816 2030 est:
849 1999 974 2039 Cogita-

147 2041 247 2069 tiones
271 2040 368 2070 Novae
383 2040 423 2071 de
439 2041 608 2080 systemate
625 2040 762 2072 Cartesii.
808 2041 975 2072 Existimat

147 2082 258 2112 clariss.
276 2089 365 2112 autor
379 2084 571 2122 superiorum
586 2083 834 2122 Propositionum
845 2083 974 2114 demon-

147 2125 308 2155 strationes
334 2135 421 2155 mero
448 2126 633 2165 sophismate
653 2126 799 2162 laborare,
829 2124 868 2156 eo
889 2125 974 2167 quod

149 2167 322 2198 Newtonus
341 2168 463 2198 orbium
484 2168 701 2209 contiguorum
726 2174 757 2198 et
777 2178 842 2198 sese
863 2173 974 2199 mutuo

147 2203 603 2250 atterentium'impressionem
631 2209 733 2241 solum
756 2209 910 2241 definierit
934 2220 973 2240 ex

147 2252 379 2291 superficierum
398 2252 611 2294 magnitudine
625 2259 657 2283 et
670 2252 828 2283 velocitate
847 2252 973 2283 relativa

102 2325 105 2329 ,
147 2294 208 2335 qua
222 2297 262 2326 ab
276 2295 406 2325 invicem
421 2301 615 2335 separantur3
637 2305 742 2326 earum
757 2294 829 2326 vero
843 2295 971 2334 superfl-

147 2338 263 2367 cierum
285 2337 469 2376 pressionem
483 2337 611 2369 minime
626 2338 869 2374 consideraverit,
892 2338 970 2368 vim-

146 2389 207 2420 que
222 2381 314 2411 vectis
324 2380 492 2420 neglexerit
505 2390 584 2422 quae,
601 2380 718 2412 caeteris
727 2381 860 2420 paribus,
875 2381 974 2422 major

146 2428 194 2452 est
217 2422 251 2452 in
276 2422 442 2463 majoribus
465 2424 539 2454 rotis
563 2429 594 2454 et
614 2422 717 2454 minor
736 2423 770 2453 in
790 2423 969 2454 minoribus-

149 2463 268 2495 Verum
276 2465 347 2496 licet
356 2465 388 2495 in
399 2465 462 2496 suis
470 2459 778 2496 demonstrationibus
787 2465 973 2505 pressionem

146 2507 262 2548 ubique
284 2508 434 2548 aequalern
459 2509 653 2548 supposuerit
674 2509 856 2546 Newtonus‚
879 2508 973 2549 hujus

148 2554 251 2580 tamen
266 2550 427 2590 pressionis
437 2550 674 2591 inaequalitatem
689 2550 723 2580 in
737 2550 853 2581 scholio
873 2551 973 2582 consi-

147 2591 273 2628 detavit,
289 2599 320 2623 et
330 2592 403 2634 quid
415 2603 453 2623 ex
462 2593 516 2624 ina
524 2600 676 2634 sequatur,
693 2593 860 2634 generatim
871 2599 973 2624 osten-

147 2633 204 2664 dit.
251 2635 325 2665 Vim
354 2635 479 2676 quidem
504 2636 597 2667 vectis
625 2635 747 2675 prorsus
769 2635 913 2677 neglexit,
943 2641 975 2667 et

147 2675 258 2708 merito
271 2677 406 2717 quidem,
430 2684 582 2719 quantum
603 2678 775 2719 intelligere
796 2688 969 2718 possumus·

152 2719 302 2754 Quamvis
316 2720 398 2750 enim
413 2721 445 2750 in
456 2726 541 2751 vecte
555 2721 662 2762 regido
673 2721 762 2762 cujus
772 2727 871 2760 partes
879 2721 973 2752 simul

148 2760 257 2792 eodem
278 2769 366 2792 motu
386 2763 526 2804 angulari
549 2762 630 2794 circa
644 2763 861 2804 hypomoclion
874 2763 971 2794 revol-

147 2809 272 2840 vuntur,
288 2803 327 2834 ed
341 2806 437 2846 major
448 2806 488 2837 sit
501 2805 636 2836 efficacia
650 2815 712 2847 quo
719 2806 834 2836 caeteris
847 2807 972 2844 paribus

147 2845 270 2886 longior
283 2853 329 2876 est
342 2847 454 2886 vectis3
469 2849 553 2889 quod
564 2848 705 2879 videlicet
717 2848 811 2879 vectis
824 2854 924 2888 partes
934 2848 972 2880 eo

148 2887 278 2918 celerius
290 2895 480 2928 moveantur,
495 2890 559 2932 quo
574 2891 671 2932 major
685 2897 731 2921 est
745 2901 851 2921 earum
865 2892 904 2921 ab
914 2891 971 2931 hy.
988 2922 991 2924 ,

146 2930 300 2969 pomoclio
325 2931 476 2970 distantia,
505 2934 538 2964 id
562 2940 666 2964 tamen
691 2933 730 2964 ad
752 2941 853 2972 partes
875 2934 971 2964 medii

147 2971 236 3003 fluidi
259 2983 329 3014 quae
351 2973 432 3004 circa
456 2981 596 3006 centrum
616 2975 741 3017 aliquod
761 2975 969 3013 revolvuntur,

146 3025 210 3045 non
225 3015 345 3046 videtur
359 3017 613 3050 transferendum.
660 3019 704 3049 Et
718 3019 790 3049 licet
799 3018 972 3049 Newtonus

145 3059 233 3088 orbes
257 3057 382 3092 solidos.
411 3058 676 3092 demonstrationis
700 3061 806 3102 gratia,
835 3060 972 3099 primum

144 3099 252 3140 fingat,
278 3111 330 3130 eos
353 3107 456 3132 tamen
469 3101 582 3133 divisos
595 3105 741 3143 supponit
754 3114 790 3134 ac
807 3102 918 3133 deinde
939 3103 972 3134 in

143 3143 307 3181 particulas
326 3144 504 3176 innumeras
525 3145 691 3178 subdividit
706 3152 741 3177 ut
754 3145 973 3177 demonstratio

1021 1022 1062 1054 ad
1076 1028 1217 1054 naturam
1232 1021 1327 1054 medii
1342 1021 1428 1054 fluidi
1450 1022 1708 1054 accommodetur.
1757 1020 1852 1059 Quod

1021 1066 1046 1095 si
1062 1067 1103 1097 ob
1116 1066 1372 1107 qualemcumque
1387 1066 1520 1104 partium
1534 1065 1621 1096 fluidi
1632 1064 1850 1102 cohaesionum,

1023 1108 1127 1149 aliqua
1146 1109 1287 1139 habenda
1300 1109 1340 1138 sit
1352 1108 1430 1139 ratio
1443 1108 1490 1138 vis
1511 1108 1613 1144 vectis,
1636 1107 1717 1138 certe
1730 1118 1768 1138 ea
1788 1117 1852 1138 non

1024 1150 1146 1182 videtur
1170 1150 1354 1181 assumenda
1381 1150 1534 1181 distantiae
1557 1161 1577 1181 a
1604 1151 1725 1181 vorticis
1746 1156 1852 1181 centro

1024 1192 1268 1232 proportionalis,
1295 1193 1558 1234 quemadmodum
1579 1192 1614 1224 fit
1627 1193 1660 1223 in
1674 1199 1759 1223 vecte
1781 1203 1850 1232 per-

1019 1235 1100 1267 fecte
1125 1235 1236 1277 rigido,
1260 1246 1315 1266 seu
1342 1236 1431 1276 cujus
1451 1242 1553 1275 partes
1572 1235 1603 1265 vi
1622 1236 1708 1276 quasi
1729 1235 1851 1267 infiniti

1020 1288 1169 1310 connexae
1189 1284 1406 1318 supponuntur
1419 1284 1451 1309 et
1463 1278 1573 1309 eodem
1594 1285 1684 1309 motu
1705 1278 1851 1320 angulari

1022 1321 1230 1352 revolvuntur.

1066 1362 1222 1396 Caeterum
1235 1362 1363 1395 celeber.
1375 1362 1468 1395 Joan.
1481 1363 1644 1394 Bernoulli
1655 1362 1747 1394 aliam
1759 1373 1849 1394 usur-

1012 1411 1073 1445 ·pat
1092 1406 1286 1446 hypothesim
1300 1416 1370 1446 quae
1383 1406 1572 1437 mechanicis
1591 1411 1750 1445 perspecta
1764 1415 1844 1436 non-

1021 1447 1099 1479 dum
1123 1456 1169 1480 est
1196 1447 1340 1489 certdque
1367 1449 1534 1488 explorata.
1583 1449 1735 1487 Supponit
1761 1449 1847 1479 enim

1021 1500 1093 1522 cum
1111 1492 1153 1523 D.
1172 1491 1348 1521 Amontons
1361 1491 1395 1522 in
1412 1491 1557 1522 Monum.
1574 1490 1669 1521 Paris.
1679 1501 1730 1521 an.
1750 1495 1842 1523 1699.

1019 1533 1220 1564 resistentiam
1231 1543 1301 1574 quse
1309 1533 1406 1564 oritur
1417 1543 1454 1563 ex
1465 1533 1605 1564 frictione
1615 1533 1846 1572 superficierum

1019 1577 1237 1617 contiguarum
1261 1582 1431 1616 utcumque
1457 1575 1668 1617 inaequalium,
1699 1581 1845 1607 manente

1019 1619 1197 1649 earumdem
1213 1618 1247 1648 in
1260 1628 1325 1649 sese
1338 1617 1450 1649 mutud
1463 1619 1628 1658 pressione,
1650 1625 1843 1649 constantem

1017 1670 1083 1691 esse
1093 1672 1102 1698 ;
1119 1660 1225 1691 verum
1241 1661 1415 1700 hypothesis
1426 1660 1479 1692 illa
1489 1660 1594 1691 minus
1603 1660 1718 1700 placuit
1727 1660 1841 1692 clariss.

1019 1703 1136 1734 Wolfio
1150 1704 1202 1744 qui
1217 1702 1256 1733 de
1270 1703 1308 1734 es
1321 1703 1370 1733 his
1383 1703 1481 1734 verbis
1495 1703 1631 1743 loquitur
1644 1704 1677 1732 in
1693 1703 1843 1733 Elemen-

1020 1745 1061 1775 tis
1076 1746 1266 1777 Mechanicis
1279 1755 1366 1776 num.
1387 1750 1459 1777 965.
1497 1745 1654 1786 Equidem
1672 1747 1847 1776 Amontons

1019 1789 1160 1828 regulam
1174 1788 1378 1819 universalem
1399 1787 1484 1819 dedit
1504 1788 1703 1828 computandi
1720 1788 1783 1818 vim
1805 1787 1847 1819 ad

1020 1830 1194 1861 frictionem
1219 1830 1252 1860 In
1275 1830 1347 1861 dato
1368 1831 1506 1871 quolibet
1527 1841 1601 1861 casu
1629 1830 1844 1870 superandam,

1019 1872 1072 1902 sed
1087 1872 1159 1903 cum
1174 1882 1300 1904 omnem
1313 1873 1486 1903 frictionem
1498 1883 1517 1903 a
1527 1873 1591 1903 solii
1605 1873 1797 1913 appressione
1807 1883 1847 1904 ex

1018 1915 1154 1954 pondere
1168 1914 1429 1955 superincedentis
1442 1915 1566 1953 derivet,
1583 1925 1620 1946 ex
1635 1915 1843 1946 antecedenti·

1018 1959 1076 1987 bus
1111 1959 1184 1989 satis
1217 1963 1343 1997 apparet
1376 1957 1461 1998 quod
1488 1958 1642 1998 proposito
1673 1957 1845 1989 satisfacere

1017 2006 1165 2040 nequeat:
1194 2010 1298 2030 veram
1319 1999 1468 2030 frictionis
1488 2001 1591 2040 legem
1611 2000 1845 2031 accuratissimis

1016 2042 1234 2080 experimentis
1261 2048 1419 2072 tentarunt
1452 2042 1640 2073 celeberrimi
1667 2043 1842 2082 philosophi

1020 2083 1228 2125 Desaguillier
1238 2089 1270 2114 et
1279 2084 1318 2114 M
1320 2084 1529 2115 uschenbroek
1535 2096 1546 2122 ;
1561 2090 1593 2115 at
1601 2095 1668 2115 eam
1677 2085 1761 2115 haud
1769 2085 1843 2115 satis

1016 2132 1208 2157 constantem
1239 2127 1446 2164 observarunt,
1476 2133 1514 2157 ut
1537 2132 1621 2166 patet
1646 2136 1684 2156 ex
1706 2126 1744 2157 iis
1765 2137 1843 2168 quas

1018 2168 1269 2199 Muschenbroek
1284 2168 1374 2198 Tom.
1396 2169 1422 2199 Ι.
1446 2169 1592 2210 Physices
1612 2168 1768 2207 descripsit
1788 2179 1842 2200 ex-

1015 2211 1257 2251 perimentorum
1268 2211 1389 2241 tabulis.
1437 2211 1495 2242 Nil
1509 2210 1583 2253 erg&
1597 2212 1670 2242 certi
1684 2211 1744 2242 hac
1757 2212 1797 2242 de
1808 2221 1842 2243 re

1016 2253 1207 2294 pronuntiari
1221 2258 1330 2293 potest.
1377 2254 1550 2285 Nevvtonus
1563 2260 1667 2285 tamen
1681 2255 1841 2296 conjectu-

1014 2306 1081 2326 ram
1108 2295 1182 2327 fecit
1208 2295 1410 2327 resistentiam
1437 2297 1471 2327 in
1498 2297 1610 2327 minori
1635 2306 1700 2327 esse
1723 2296 1842 2328 ratione

1014 2338 1108 2379 quam
1123 2349 1159 2369 ea
1172 2338 1338 2369 velocitatis
1353 2344 1406 2376 est,
1432 2348 1470 2370 eo
1490 2339 1593 2370 forsan
1613 2339 1726 2370 ductus
1746 2349 1840 2380 argu-

1015 2388 1122 2411 mento
1145 2380 1228 2421 quod
1242 2380 1276 2410 in
1297 2380 1436 2412 Historia
1453 2382 1551 2412 Acad.
1573 2382 1653 2423 Reg.
1671 2391 1722 2412 an.
1744 2384 1835 2414 1709.

1013 2424 1074 2454 hoc
1089 2422 1152 2454 fere
1165 2423 1258 2454 modo
1272 2424 1451 2463 exponitur:
1470 2425 1496 2454 si
1510 2425 1720 2464 concipiantur
1733 2434 1840 2464 super-

1016 2466 1100 2497 ficies
1113 2466 1282 2497 innumeris
1296 2466 1469 2498 eminentiis
1482 2477 1606 2506 asperae,
1621 2466 1697 2497 dum
1713 2466 1773 2497 alia
1786 2476 1839 2497 su-

1014 2519 1070 2548 per
1083 2508 1174 2539 aliam
1189 2508 1312 2545 incedit,
1333 2509 1503 2548 superficiei
1524 2509 1686 2548 superioris
1699 2509 1839 2540 eminen-

1015 2552 1067 2582 tiae
1081 2550 1162 2582 intra
1175 2552 1316 2582 cavitates
1330 2551 1492 2589 inferioris,
1508 2551 1581 2582 dato
1595 2557 1740 2591 tempore,
1753 2561 1837 2591 pras·

1016 2594 1112 2625 sionis
1132 2595 1162 2624 vi
1184 2599 1352 2634 penetrant,
1369 2593 1465 2635 fitque
1488 2594 1657 2625 resistentia
1681 2594 1790 2635 major,
1812 2594 1839 2624 si

1016 2636 1100 2667 intra*
1110 2636 1278 2676 superficiei
1293 2636 1442 2667 inferioris
1462 2637 1604 2667 cavitates
1624 2635 1715 2667 altius
1734 2637 1838 2677 ingre-

1016 2678 1141 2710 (liantur
1154 2678 1326 2718 superficiei
1339 2678 1501 2719 superioris
1515 2678 1699 2716 eminentiae,
1714 2684 1747 2709 at
1768 2677 1840 2710 vera

1016 2721 1042 2752 si
1062 2722 1161 2763 major
1174 2722 1215 2753 sit
1227 2721 1378 2757 velocitas,
1402 2722 1538 2761 superior
1562 2721 1739 2761 superficies
1758 2720 1840 2753 intra

1015 2764 1192 2795 inferiorem
1207 2763 1315 2794 eodem
1331 2764 1403 2795 dato
1417 2771 1555 2804 tempore
1568 2763 1675 2795 minus
1687 2769 1836 2803 penetrat.

1017 2807 1106 2838 Hinc
1119 2807 1145 2837 si
1159 2806 1272 2837 clariss.
1294 2806 1431 2837 Parentii
1445 2807 1523 2837 ratio
1537 2806 1645 2844 valeat,
1661 2807 1733 2837 satis
1755 2812 1838 2847 patet

1014 2850 1216 2880 resistentiam
1245 2850 1279 2879 in
1307 2849 1420 2879 minori
1448 2859 1512 2880 osse
1539 2849 1659 2880 ratione
1680 2848 1775 2890 quam
1803 2860 1841 2881 ea

1015 2891 1182 2923 velocitatis
1192 2897 1246 2922 est.
1291 2892 1438 2922 Attamen
1450 2892 1563 2922 clariss.
1578 2892 1838 2929 Muschenbroek,

1013 2934 1101 2965 factis
1122 2934 1347 2973 experimentis,
1369 2935 1570 2965 resistentiam
1595 2934 1747 2965 velocitati
1769 2945 1840 2975 pro-

1012 2977 1215 3016 portionalem
1239 2977 1272 3006 in
1296 2976 1430 3007 motibus
1454 2976 1636 3008 tardioribus
1656 2977 1782 3015 invenit,
1807 2978 1841 3007 in

1014 3018 1208 3050 celerioribus
1223 3018 1293 3050 vero
1307 3029 1376 3050 eam
1390 3019 1423 3050 in
1438 3019 1545 3062 majori
1559 3018 1654 3061 quim
1673 3019 1842 3051 velocitatis

1014 3062 1132 3092 ratione
1145 3062 1323 3092 observavit.

1060 3103 1202 3134 Assumit
1218 3104 1260 3134 D.
1283 3104 1482 3136 Bernoullius
1495 3104 1707 3145 impressiones
1720 3104 1842 3135 orbium

1015 3146 1233 3189 contiguorum
1247 3147 1281 3178 in
1295 3158 1327 3178 se
1341 3147 1453 3180 mutuo
1467 3147 1571 3187 factas,
1593 3159 1658 3179 esse
1679 3148 1712 3178 in
1726 3148 1842 3178 ratione
