2066 3548
125 234 272 281 Lmu'n
294 235 510 284 Saum]
554 229 874 273 PRINCIPIA
905 223 1402 269 MATHEMATICA.
1752 223 1833 264 157

124 357 360 401 constructa
379 355 421 389 et
441 347 720 388 demonstrata
739 351 847 392 sunt,
883 341 962 383 erit
990 340 1063 390 vis,
1095 339 1175 396 qufi
1206 352 1357 393 corpus
1379 335 1572 378 oscillans
1591 344 1763 391 urgetur
1791 335 1838 376 in

124 422 219 463 loco
247 419 391 476 quovis
422 418 479 468 D,
511 417 565 458 ad
593 417 677 457 vim
705 413 947 456 resistentiae
966 420 1013 453 ut
1031 425 1151 453 arcus
1174 410 1211 452 C
1232 410 1276 452 D
1307 407 1361 450 ad
1380 419 1523 449 arcum
1545 405 1582 447 C
1604 404 1660 455 O,
1691 406 1744 459 (g)
1766 405 1838 461 qui

127 491 304 535 semissis
337 497 400 531 est
433 487 675 530 differentiae
705 484 815 526 illius
847 485 888 525 A
917 499 954 525 a.
1014 481 1200 537 Ideoque
1233 480 1309 530 vis,
1352 478 1433 535 qua
1465 491 1618 532 corpus
1646 475 1838 518 oscillans

131 1583 303 1632 urgetur
321 1577 364 1617 in
385 1576 580 1633 cycloidis
600 1574 805 1631 principio
825 1588 899 1615 seu
917 1581 1075 1628 puncto
1095 1572 1308 1621 altissimo,
1342 1570 1394 1626 (¹¹)
1415 1570 1459 1611 id
1479 1576 1554 1619 est,
1585 1567 1647 1610 vis
1667 1565 1846 1625 gravita-

130 1648 196 1698 tis,
229 1650 306 1690 erit
325 1649 379 1689 ad
398 1648 675 1690 resistentiam
694 1655 742 1689 ut
760 1661 879 1688 arcus
901 1645 1099 1702 cycloidis
1120 1645 1227 1686 inter
1245 1652 1447 1699 punctum
1478 1641 1582 1683 illud
1603 1652 1846 1695 supremum

131 1728 173 1761 et
199 1728 399 1775 punctum
428 1721 619 1761 infimum
641 1719 678 1761 C
698 1719 753 1761 ad
773 1732 916 1760 arcum
947 1717 984 1758 C
1007 1716 1072 1766 03
1103 1716 1147 1757 id
1170 1724 1232 1757 est
1261 1715 1314 1771 (si
1340 1728 1459 1756 arcus
1490 1710 1770 1768 duplicentur)
1799 1715 1849 1750 ut

131 1791 325 1848 cycloidis
360 1792 483 1834 totius
515 1807 652 1842 arcus,
691 1790 735 1847 (¹)
758 1806 831 1832 seu
861 1788 989 1844 dupla
1018 1787 1190 1843 penduli
1218 1786 1449 1843 longitudo,
1487 1784 1540 1825 ad
1574 1796 1716 1825 arcum
1746 1781 1788 1822 A
1808 1794 1845 1822 a.

133 1863 188 1913 Q.
209 1878 245 1905 e.
267 1864 309 1905 d.

441 2074 816 2117 PROPOSITIO
848 2073 1029 2115 XXIX.
1091 2070 1437 2114 PROBLEMA
1467 2069 1545 2111 VI.

137 2231 279 2272 Posito
312 2231 417 2284 quod
445 2231 604 2282 corpori
638 2230 682 2269 in
714 2229 886 2283 qycloz'de
915 2228 1117 2269 oscillantz·
1149 2227 1348 2267 resistitur
1378 2227 1422 2266 in
1452 2222 1659 2278 duplic-atti
1687 2223 1848 2264 ratione

435 2302 654 2342 velocitatis
668 2320 680 2341 :
713 2301 893 2341 invenire
911 2299 1176 2341 resistentiam
1198 2298 1241 2338 in
1262 2298 1358 2339 locis
1378 2297 1559 2352 singulis.

198 2450 261 2492 Sit
282 2450 319 2492 B
339 2465 365 2491 a
383 2465 502 2491 arcus
523 2450 778 2492 oscillatione
798 2450 957 2507 integr&
987 2450 1228 2505 descriptus,
1265 2450 1396 2506 sitque
1419 2445 1456 2490 C
1475 2448 1665 2489 infimum
1695 2445 1848 2503 cycloi-

140 2520 202 2562 dis
220 2530 432 2576 punctum,
469 2530 511 2563 et
532 2523 568 2564 C
590 2523 625 2564 Z
645 2523 822 2565 semissis
853 2538 970 2565 arcus
1000 2523 1196 2579 cycloidis
1226 2523 1365 2574 totius,
1398 2521 1648 2579 longitudini
1676 2517 1848 2575 penduli

140 2592 331 2648 aequalis3
370 2600 412 2635 et
445 2601 655 2649 quaeratur
685 2594 915 2636 resistentia
947 2594 1132 2650 corporis
1166 2595 1210 2635 in
1244 2593 1338 2636 loco
1377 2593 1522 2650 quovis
1558 2592 1616 2634 D.
1678 2590 1848 2632 secetur

142 2746 253 2777 resistit
276 2746 423 2784 medium,
454 2747 487 2778 in
510 2757 639 2778 ascensu
665 2746 771 2778 minus
798 2746 892 2787 quem
915 2756 972 2786 pro
1016 2747 1048 2777 A
1062 2757 1083 2778 a
1095 2763 1139 2772 —-
1155 2746 1182 2778 C
1200 2746 1231 2778 Ο
1246 2758 1292 2775 =
1310 2745 1336 2776 C
1354 2745 1384 2776 B
1398 2762 1442 2769 —-
1458 2744 1488 2775 Ο
1506 2743 1536 2774 Β
1549 2755 1596 2772 =
1614 2741 1641 2773 C
1663 2740 1705 2777 O,
1728 2745 1761 2772 et
1774 2739 1848 2771 hinc

141 2789 260 2820 ratione
281 2789 456 2827 velocitatis,
482 2797 513 2821 et
535 2800 573 2820 ex
593 2788 724 2830 utreque
737 2789 830 2820 causa
850 2795 972 2829 tempus
1015 2789 1048 2821 A
1063 2800 1083 2820 a
1097 2802 1144 2820 =
1156 2793 1176 2820 2
1195 2789 1221 2820 C
1239 2789 1280 2824 O,
1297 2798 1333 2818 ac
1350 2787 1376 2818 C
1395 2787 1425 2818 0
1440 2799 1486 2816 =
1500 2786 1523 2827 ἦ
1539 2786 1570 2816 A
1585 2794 1613 2815 a.

142 2830 332 2870 producitur.
379 2832 464 2862 Nam
479 2831 543 2873 quo
564 2833 663 2874 major
683 2839 730 2863 est
747 2832 917 2863 resistentia
937 2832 972 2862 in
1057 2832 1105 2874 (²¹)
1123 2834 1141 2852 ὓ
1158 2834 1198 2863 Id
1211 2837 1262 2868 est,
1278 2833 1321 2862 vis
1331 2831 1499 2870 gravitatis.
1547 2827 1588 2857 In
1601 2825 1747 2867 cycloidis
1756 2824 1842 2864 prin-

143 2873 304 2910 descensu,
320 2879 351 2904 et
365 2873 465 2904 minor
478 2875 511 2904 in
525 2885 665 2912 ascensu,
689 2885 726 2906 eo
740 2875 840 2916 magis
858 2874 973 2915 produ·
1015 2875 1097 2915 cipio
1111 2875 1174 2905 sive
1187 2880 1304 2914 puncto
1318 2871 1466 2903 altissimo
1486 2876 1617 2910 tangens
1638 2867 1784 2909 cycloidis
1803 2873 1851 2898 est

142 2916 224 2947 citur
237 2922 369 2955 tempus,
384 2923 421 2946 ut
434 2927 528 2956 supra
540 2917 659 2948 dictum
674 2924 729 2948 ost.
1015 2918 1049 2948 in
1063 2917 1231 2949 directione
1245 2915 1408 2957 gravitatis,
1432 2920 1463 2944 et
1476 2912 1590 2943 idcireo
1603 2911 1650 2942 vis
1664 2912 1697 2941 iu
1711 2909 1850 2951 cycloide

187 2958 233 3000 (⁸)
250 2961 266 2978 ⁴
289 2960 351 2994 Qui
374 2960 500 2990 semissis
522 2966 565 2990 est
594 2960 771 3002 defferemiae
793 2961 874 2992 illius
895 2961 928 2991 A
941 2972 970 2991 α.
1018 2960 1145 3001 aequalis
1159 2966 1204 2990 est
1218 2959 1248 2988 vi
1259 2957 1416 2999 gravitatis
1436 2956 1470 2986 in
1490 2955 1545 2985 illo
1566 2960 1693 2995 puncto,
1715 2960 1752 2984 ut
1765 2957 1850 2993 patet

145 3001 231 3032 Nam
257 3003 325 3042 (per
349 3001 454 3041 Hyp.)
481 3011 569 3032 arcus
586 3003 613 3034 C
631 3005 661 3034 A
685 3003 811 3044 aequalis
825 3009 870 3034 est
890 3003 977 3033 arcui
1017 3013 1057 3034 ex
1072 3004 1144 3034 Cor.
1164 3003 1257 3040 Prop.
1274 3000 1335 3031 LI.
1353 2999 1423 3030 Lib.
1444 2998 1473 3029 Ι.

147 3043 174 3083 C
192 3044 233 3084 B·
259 3050 291 3073 et
315 3045 384 3085 (per
412 3044 483 3074 Cor·
511 3044 602 3084 Prop.
630 3045 764 3085 xxv.)
792 3055 880 3075 arcus
905 3045 935 3076 o
957 3055 978 3075 a
1020 3074 1021 3078 ,
1061 3045 1102 3088 (1)
1120 3048 1137 3066 ο
1154 3047 1214 3077 seu
1228 3044 1323 3083 dupla
1341 3043 1472 3084 penduli
1491 3041 1644 3081 longitudo
1668 3040 1756 3081 (462.
1774 3036 1848 3070 Lib.

145 3085 271 3126 aequalis
285 3092 331 3117 est
344 3085 430 3116 arcui
447 3086 477 3116 Ο
495 3086 547 3125 B;
562 3097 657 3128 quare
674 3088 701 3119 C
719 3089 750 3119 A
765 3105 807 3112 —
826 3088 856 3119 Ο
871 3098 900 3125 a,
920 3092 992 3119 seu'
1018 3087 1077 3128 1.)-
