2066 3548
243 243 325 280 ⁴214
623 255 625 257 ·
668 236 1126 280 PHILOSOPHIAE
1154 238 1518 282 NATURALIS
1576 238 1725 292 [Mor.
1746 241 1948 291 Conon.

237 371 323 399 non
342 364 478 413 potest
498 356 750 399 descendere
770 356 850 397 nisi
869 349 1134 410 impediendo
1164 355 1407 397 descensum
1437 370 1555 411 aquae
1585 355 1752 399 alterius
1777 357 1948 401 descen-

237 429 301 469 sui
316 443 391 470 suo
404 427 619 484 aequalem.
666 426 826 469 Eadem
845 426 906 468 vis
927 426 1102 468 eandem
1122 441 1240 482 aquae
1261 425 1462 468 effluentis
1477 427 1734 470 velocitatem
1746 444 1948 486 generare

235 501 373 543 debet.

294 572 378 614 Sed
397 572 583 612 foramen
603 571 646 611 in
665 570 796 613 fundo
815 572 933 621 vasis,
955 578 1127 626 propter
1146 571 1335 628 obliquos
1356 581 1493 614 motus
1513 572 1808 628 particularum
1827 588 1947 631 aquoe

235 642 452 692 effluentis,
483 641 610 696 paulo
629 642 760 696 majus
782 656 871 683 esse
891 642 1015 683 debet
1034 640 1158 696 quam
1178 642 1305 697 prius.
1367 643 1429 698 (¹¹¹)
1452 643 1564 684 Nam
1591 643 1807 698 particulae
1826 659 1947 701 aquoe

226 714 316 769 jam
336 728 422 754 non
443 721 658 754 transeunt
678 727 821 754 omnes
850 727 926 767 per
946 712 1134 753 foramen
1162 712 1583 767 perpendiculariter3
1615 713 1689 754 sed
1708 729 1733 755 a
1751 713 1948 757 lateribus

233 785 341 826 vasis
363 784 547 840 undique
566 773 820 824 confluentes
842 791 883 824 et
902 784 945 823 in
966 782 1152 824 foramen
1181 791 1491 840 convergentes,
1527 784 1703 840 obliquis
1733 792 1948 828 transeunt

232 855 436 904 motibus3
469 863 511 896 et
541 869 707 896 cursum
736 869 857 895 suum
886 853 1080 894 deorsum
1108 853 1321 894 flectentes
1350 852 1395 894 in
1421 868 1569 895 venam
1591 870 1710 911 aquae
1740 855 1946 899 exilientis

232 927 484 982 conspirant,
521 941 614 982 quae
644 925 791 967 exilior
820 933 882 967 est
907 925 1033 980 paulo
1063 924 1172 965 infra
1202 924 1389 965 foramen
1416 923 1540 981 quam
1558 926 1602 966 in
1621 927 1711 981 ipso
1730 927 1944 981 foramine,

231 999 435 1040 existente
465 999 552 1053 ejus
587 997 789 1038 diametro
815 995 870 1037 ad
899 995 1146 1036 diametrum
1164 994 1376 1036 foraminis
1406 1004 1452 1036 ut
1472 1001 1496 1037 5
1520 996 1574 1037 ad
1592 1002 1634 1047 6,
1656 997 1722 1039 vel
1742 1001 1795 1052 δὲ
1817 999 1871 1040 ad
1889 1003 1945 1055 δὲ

231 1085 355 1126 quam
374 1067 578 1124 proxime,
602 1068 637 1108 si
658 1066 785 1108 modo
806 1066 1027 1107 diametros
1047 1065 1159 1107 recte
1180 1065 1390 1107 dimensus
1410 1080 1516 1108 sum.
1579 1067 1784 1110 Parabam
1805 1071 1946 1127 utique

229 1141 425 1182 laminam
458 1141 626 1196 planam
664 1146 908 1194 pertenuem
936 1139 980 1178 in
1014 1138 1152 1179 medio
1190 1138 1454 1193 perforatam,
1495 1139 1698 1183 existente
1735 1142 1954 1194 circularis-

228 1211 441 1252 foraminis
462 1211 664 1252 diametro
683 1210 864 1264 partium
885 1208 1067 1264 quinque
1096 1216 1334 1250 octavarum
1363 1209 1494 1266 digiti.
1555 1210 1612 1252 Et
1629 1225 1684 1253 ne
1703 1227 1808 1254 vena
1827 1228 1946 1270 aquae

230 1282 448 1332 exilientis,
485 1281 674 1322 cadendo
704 1280 1003 1322 acceleraretur
1032 1287 1075 1320 et
1106 1279 1406 1321 acceleratione
1439 1280 1684 1323 redderetur
1717 1285 1942 1340 angustior,

227 1355 337 1396 hanc
357 1356 553 1396 laminam
572 1369 658 1395 non
677 1353 809 1394 fundo
825 1352 899 1394 sed
918 1352 1038 1394 lateri
1057 1352 1164 1394 vasis
1180 1352 1292 1394 effixi
1312 1352 1383 1402 sic,
1405 1359 1453 1394 ut
1471 1367 1576 1394 vena
1594 1353 1665 1395 illa
1679 1355 1946 1411 egrederetur

229 1428 456 1470 secundum
475 1428 626 1468 lineam
645 1426 851 1467 horizonti
870 1423 1126 1479 parallelam.
1187 1423 1301 1465 Dein
1322 1423 1395 1464 ubi
1414 1438 1485 1464 vas
1505 1423 1610 1479 aqua
1630 1424 1800 1479 plenum
1821 1435 1942 1478 esset,

228 1501 372 1556 aperui
402 1500 585 1541 foramen
607 1507 654 1540 ut
673 1513 781 1554 aqua
800 1497 1006 1546 efflueret3
1038 1504 1080 1537 et
1098 1510 1216 1538 venae
1236 1495 1449 1546 diameter,
1482 1496 1535 1537 ad
1564 1496 1799 1539 distantiam
1828 1499 1944 1555 quasi

229 1573 391 1615 dimidii
412 1573 530 1630 digiti
550 1588 575 1613 a
594 1571 797 1613 foramine
815 1569 938 1626 quam
960 1567 1264 1610 accuratissime
1293 1578 1542 1621 mensurata,
1578 1570 1734 1625 prodiit
1762 1572 1943 1626 partium
1971 1598 1977 1602 -

227 1644 373 1701 viginti
393 1652 435 1685 et
454 1643 576 1685 unius
597 1641 1006 1698 quadragesimarum
1025 1639 1156 1696 digiti.
1218 1639 1269 1694 (¹¹)
1293 1639 1398 1682 Erat
1416 1640 1542 1697 igitur
1561 1640 1761 1684 diameter
1775 1641 1965 1684 forami-·

275 1788 328 1827 (¹¹¹)
355 1791 371 1807 r
397 1790 485 1820 Num
508 1789 671 1828 particula
700 1797 801 1828 aquae,
833 1786 889 1816 ἃς.
939 1784 1063 1816 Clariss.
1108 1783 1286 1815 acceleratio
1300 1783 1413 1822 motus,
1428 1794 1498 1825 quae
1513 1785 1656 1817 omnibus
1669 1786 1814 1827 gravibus
1828 1787 1940 1819 eaden-

233 1821 349 1860 Daniel
378 1831 579 1860 Bernoullius
603 1839 723 1869 paragr.
742 1833 773 1858 5.
802 1828 881 1858 Sect.
903 1827 965 1857 IV.
992 1827 1066 1866 Hy·
1107 1826 1190 1857 tibus
1211 1827 1385 1856 communis
1398 1833 1454 1864 est,
1470 1833 1502 1857 et
1515 1826 1579 1868 qua
1592 1828 1628 1858 fit
1641 1835 1677 1859 ut
1690 1829 1789 1869 major
1802 1829 1841 1860 sit
1855 1829 1939 1861 velo·

230 1872 457 1912 drodynamicae
466 1872 637 1902 observavit
647 1871 812 1910 particulas
823 1879 900 1900 cerae
912 1869 1066 1907 Hispani·
1108 1869 1183 1900 citas
1196 1878 1285 1917 aquae
1300 1869 1332 1898 in
1347 1869 1414 1917 loco
1428 1869 1563 1900 inferiori
1578 1880 1596 1900 e
1609 1870 1628 1900 f
1636 1870 1729 1919 quam
1741 1871 1774 1901 in
1783 1872 1939 1911 superiore

230 1923 274 1944 cae
289 1914 376 1954 aquis
391 1914 566 1944 innatantes
579 1911 623 1943 ita
638 1923 710 1943 cum
719 1911 800 1952 aqua
810 1912 843 1941 in
855 1921 926 1941 vase
937 1911 1062 1946 moveri,
1109 1911 1139 1941 E
1158 1911 1204 1948 F;
1226 1920 1299 1951 quia
1319 1921 1403 1941 emm
1424 1921 1536 1952 aquam
1557 1923 1622 1943 esse
1636 1923 1668 1942 in
1683 1919 1764 1944 statu
1778 1921 1935 1952 manente,

230 1962 265 1986 ut
280 1966 350 1996 quae
365 1956 524 1986 foraminis
538 1961 644 1986 centro
658 1956 684 1986 C
694 1955 864 1989 imminent,
882 1963 936 1992 per
951 1953 1065 1982 lineam
1107 1952 1298 1993 eandemque
1318 1953 1447 1991 proinde
1463 1953 1554 1999 (271)
1571 1954 1654 1985 illius
1668 1956 1869 1995 quantitatem
1883 1965 1940 1996 per

229 1998 405 2029 verticalem
431 1998 467 2029 H
487 1999 527 2034 G,
554 1997 752 2035 descendant,
776 1997 844 2027 aliae
866 1994 937 2026 ver&
959 2004 1067 2025 omnes
1109 1995 1256 2025 sectiones
1284 1995 1313 2025 E
1338 1995 1366 2025 F
1386 2002 1423 2025 et-
1438 2006 1456 2026 e
1469 1997 1492 2030 f,
1519 1996 1628 2027 eodem
1652 2003 1790 2037 tempore
1813 1998 1939 2031 effluere

1088 2068 1091 2070 μ
1107 2037 1319 2076 supponimus,
1336 2038 1430 2068 sectio
1444 2048 1462 2068 e
1475 2038 1494 2067 f
1503 2044 1549 2069 est
1563 2039 1602 2069 ad
1617 2040 1782 2070 sectionem
1806 2041 1836 2071 E
1856 2041 1883 2072 F
1902 2042 1938 2073 in

1107 2080 1226 2109 ratione
1249 2079 1418 2110 velocitatis
1441 2090 1530 2120 aquae
1554 2081 1586 2111 in
1610 2081 1680 2112 loco
1701 2083 1730 2112 E
1749 2082 1784 2118 F,
1809 2083 1849 2114 ad
1869 2084 1939 2125 ejus

1109 2121 1300 2151 velocitatem
1321 2122 1354 2151 in
1376 2122 1446 2152 loco
1466 2133 1484 2152 e
1498 2123 1516 2153 f
1527 2124 1618 2165 (271)
1635 2130 1666 2154 et
1679 2123 1750 2156 idea
1770 2126 1866 2157 sectio
1878 2136 1897 2157 e
1909 2127 1934 2163 f,

1108 2164 1225 2194 caeteris
1238 2164 1372 2202 paribus,
1394 2164 1495 2194 minor
1509 2175 1573 2195 esse
1587 2166 1677 2197 debet
1690 2167 1824 2199 sectione
1846 2169 1876 2199 E
1895 2169 1933 2200 F.

1111 2206 1253 2236 Secunda
1267 2206 1481 2237 contractionis
1495 2217 1582 2238 venae
1602 2218 1702 2246 causa,
1729 2220 1823 2251 quam
1837 2211 1935 2242 solnm

1107 2248 1158 2279 hic
1181 2248 1352 2279 considerat
1375 2249 1557 2287 Newtonus‚
1584 2258 1630 2281 est
1650 2251 1813 2292 obliquitas
1833 2252 1936 2285 motus

1106 2291 1326 2329 particularum
1341 2301 1430 2331 aquae
1438 2301 1492 2331 per
1505 2292 1600 2323 lineas
1616 2293 1643 2323 P
1654 2294 1697 2331 Ε,
1712 2304 1731 2334 q
1746 2294 1782 2332 F,
1798 2295 1838 2326 ad
1851 2295 1934 2327 fon-

1106 2343 1179 2363 men
1196 2333 1226 2363 E
1243 2333 1268 2363 F
1283 2334 1497 2372 tendentium3
1519 2334 1592 2365 hinc
1607 2335 1689 2366 enim
1705 2336 1749 2374 fit,
1766 2343 1802 2367 ut
1815 2336 1934 2368 seclusa

1104 2376 1197 2406 etiam
1212 2376 1297 2406 omni
1311 2376 1527 2407 acceleratione
1543 2376 1647 2408 motus
1660 2388 1679 2408 a
1693 2379 1842 2419 gravitate
1855 2379 1932 2417 orta,

1103 2418 1260 2456 particulae
1285 2428 1373 2458 aquae
1395 2426 1590 2460 conver-gant,
1617 2430 1787 2461 venamque
1811 2427 1932 2454 contn-

1102 2460 1187 2496 hant,
1201 2466 1293 2500 atque
1306 2459 1377 2490 ideo
1391 2467 1512 2491 motum
1527 2472 1619 2492 suum
1633 2462 1810 2494 accelerent.

1145 2515 1192 2558 (¹²)
1216 2518 1234 2536 ὓ
1259 2518 1343 2547 Erat
1366 2518 1462 2556 igitur
1484 2520 1628 2550 diameter
1643 2520 1816 2562 straminis
1840 2521 1934 2563 hujus

1102 2560 1259 2590 civ-cidaris
1274 2561 1315 2589 ad
1325 2561 1508 2592 diametrum
1521 2571 1605 2593 venae
1619 2567 1656 2592 ut
1668 2565 1707 2593 25
1722 2565 1764 2593 ad
1773 2567 1809 2593 21
1823 2575 1932 2604 quam-

1097 2600 1244 2640 moa-im&-
1292 2601 1373 2632 Haec
1397 2602 1475 2632 ratio
1500 2603 1533 2632 in
1555 2603 1770 2642 experimentis
1790 2611 1933 2638 constans

1101 2641 1166 2673 fere
1187 2649 1301 2680 manet,
1324 2644 1349 2674 si
1363 2653 1443 2684 aqua
1457 2655 1475 2674 e
1489 2655 1559 2675 vase
1572 2645 1644 2676 satis
1665 2647 1770 2686 amplo
1790 2657 1845 2687 per
1865 2648 1930 2680 αἱ.

1101 2695 1202 2725 guum
1223 2685 1362 2716 foramen
1386 2686 1510 2717 laminae
1535 2688 1722 2718 tenuissimae
1742 2689 1933 2730 insculptum

1103 2727 1219 2764 effluat,
1242 2727 1313 2759 licet
1326 2728 1359 2758 in
1374 2738 1443 2758 vase
1462 2735 1599 2760 mutetur
1618 2741 1707 2771 aquae
1720 2731 1864 2763 foramini
1885 2732 1933 2764 in·

1104 2770 1277 2800 cumbentis
1291 2770 1431 2801 altitudo.
1479 2771 1700 2810 Experimenta
1714 2773 1768 2804 illa
1782 2774 1931 2806 iterarunt

1103 2812 1291 2843 celeberrimi
1305 2812 1521 2851 mathematici,
1547 2815 1689 2845 Marchio
1705 2816 1842 2848 Polenus
1857 2816 1928 2849 Lib.

228 2856 373 2897 utrinque
393 2854 501 2895 positae
522 2859 610 2885 motu
631 2852 695 2884 fere
716 2852 850 2884 verticali
875 2853 1061 2887 descendant
1104 2853 1143 2885 de
1172 2854 1311 2885 Castellis
1333 2861 1364 2885 et
1389 2855 1502 2886 Daniel
1529 2857 1729 2888 Bernoullius
1759 2859 1836 2890 Sect.
1865 2858 1927 2890 IV.

229 2899 364 2937 primum
391 2908 445 2937 per
470 2898 566 2927 lineas
589 2906 620 2926 m
635 2906 664 2935 p.
689 2906 710 2926 n
725 2906 754 2936 q,
778 2895 842 2926 sere
864 2896 902 2926 ad
925 2897 1059 2928 fundum
1106 2897 1398 2937 Hydrodynamicae.
1436 2898 1517 2928 Haec
1529 2906 1601 2929 sunt
1615 2899 1724 2930 illustr.
1741 2900 1932 2932 Mar-chionis

230 2951 326 2980 usque
345 2942 370 2971 C
391 2942 432 2977 D,
456 2946 585 2979 tumque
606 2948 730 2968 cursum
751 2948 843 2968 suum
858 2949 962 2968 versus
977 2940 1056 2970 fora·
1103 2941 1193 2970 verba
1208 2950 1277 2979 pag.
1291 2943 1344 2971 58.
1356 2943 1408 2972 39.
1436 2944 1457 2959 ‘⁶
1476 2941 1615 2972 Proclive
1628 2950 1732 2973 autem
1747 2942 1804 2974 erit
1817 2941 1930 2974 intelli-

228 2992 300 3012 men
319 2983 348 3013 E
369 2984 393 3013 F
406 2993 458 3022 per
470 2983 564 3012 lineas
586 2982 608 3011 P
628 2981 667 3017 Ε,
684 2991 702 3020 q
723 2980 747 3011 F
763 2983 873 3010 sensim
890 2981 1054 3013 inflectant.
1102 2991 1183 3021 gere,
1201 2982 1373 3012 confirmari
1388 2992 1424 3012 ex
1440 2981 1539 3013 allatis
1553 2983 1768 3023 experimentis
1780 2985 1931 3016 rationem

231 3024 343 3065 Itaque
357 3035 435 3055 vena
455 3034 544 3064 aquae
566 3023 718 3053 exilientis
735 3023 763 3053 E
784 3023 809 3053 F
825 3023 841 3053 f
851 3034 868 3053 e
883 3023 998 3062 duplici
1020 3025 1059 3055 de
1103 3024 1183 3054 inter
1208 3023 1370 3054 diametros
1391 3025 1578 3055 foraminum
1599 3033 1630 3057 et
1655 3036 1744 3067 aquae
1768 3032 1931 3058 contract-

230 3066 323 3097 causa
336 3067 525 3097 contrabitur
546 3075 643 3105 usque
663 3065 696 3095 in
711 3075 728 3094 e
743 3065 761 3095 f
771 3065 863 3104 paulo
877 3066 959 3096 infra
979 3066 1059 3096 fora·
1103 3065 1267 3097 diametros
1290 3076 1310 3097 a
1333 3067 1397 3096 viro
1422 3077 1546 3098 summo
1571 3068 1678 3099 isaaco
1708 3069 1870 3103 Nemone.
1894 3074 1932 3100 ut

230 3119 303 3139 men
321 3109 350 3140 Ε
369 3109 404 3140 F.
454 3108 559 3139 Prima
581 3107 796 3138 contractionis
811 3106 894 3138 illius
909 3117 1002 3139 causa
1015 3115 1061 3140 est
1102 3108 1174 3140 ante
1188 3107 1331 3146 diximus,
1354 3108 1559 3141 constitutam.
1607 3110 1682 3142 Non
1697 3116 1800 3142 tamen
1813 3110 1931 3143 inflexa·
