2066 3548
225 267 306 304 194·

648 263 1097 306 PHILOSOPHIAE
1128 263 1488 328 NATURALIS
1565 263 1926 316 [Moneonron.
1979 287 1981 289 ·

225 375 302 417 Est
321 375 431 417 enim
451 376 596 418 eadem
615 377 720 419 ratio
739 378 917 432 partium
946 378 1148 433 majorum
1177 377 1406 434 systematis
1440 378 1651 434 utriusque
1680 386 1926 434 atquepat-

221 447 451 489 ticularum.
1811 451 1817 456 ⁷

283 519 412 560 Corol.
434 523 474 559 2.
535 517 592 559 Et
631 517 782 559 similes
820 525 861 559 et
898 518 1083 559 similiter
1121 517 1266 572 positae
1305 525 1570 574 systematum
1607 528 1744 573 partes
1778 530 1924 560 omnes

222 588 432 644 quiescant
450 588 557 629 inter
577 602 643 628 se:
675 595 717 629 et
735 602 877 629 earum
896 588 1003 638 duae,
1027 601 1119 643 quae
1140 588 1296 629 caeteris
1315 589 1490 643 majores
1511 588 1605 637 sint,
1627 596 1668 629 et
1687 589 1765 629 sibi
1780 594 1924 630 mutuo

220 659 264 699 iu
295 667 470 714 utroque
510 665 728 713 systemate
768 658 1127 713 correspondeant,
1169 658 1395 699 secundum
1429 658 1558 699 lineas
1598 656 1783 700 similiter
1822 656 1923 701 s'itas

221 728 343 769 simili
363 742 458 769 cum
476 737 593 769 motu
612 735 835 784 utcumque
854 728 1009 769 moveri
1028 727 1248 782 incipiant:
1278 728 1346 768 hae
1366 729 1518 770 similes
1538 729 1581 770 in
1602 729 1768 785 reliquis
1795 736 1924 786 syste-

220 809 377 840 matum
396 798 583 853 partibus
604 799 844 840 excitabunt
861 807 1011 848 motus,
1033 806 1075 839 et
1093 805 1269 856 pergent
1286 798 1394 839 inter
1413 798 1522 852 ipsas
1543 800 1802 854 temporibus
1824 814 1923 855 pro—

220 869 518 925 portionalibus
539 869 725 910 similiter
752 868 907 910 moveri
919 884 931 918 3
964 877 1086 924 atque
1115 867 1210 910 ideo
1239 867 1370 923 spatia
1397 867 1606 910 diametris
1636 870 1718 910 suis
1746 884 1924 926 propor-

221 944 389 986 tionalia
409 943 654 985 describere.

434 1111 809 1154 PROPOSITIO
841 1106 1067 1154 XXXIII.
1128 1111 1489 1155 THEOREMA
1518 1111 1716 1154 XXVII.

217 1228 364 1269 Iisdem
390 1228 550 1280 positis,
583 1228 672 1267 dico
701 1227 806 1280 quod
832 1232 1078 1281 systematum
1090 1232 1233 1280 partes
1253 1223 1418 1280 majores
1434 1226 1672 1267 resistuntur
1693 1226 1736 1266 in
1766 1227 1926 1268 ratione

275 1298 488 1352 composita
514 1314 562 1339 ex
589 1297 795 1352 duplicata
824 1300 984 1339 ratione
1017 1300 1264 1340 velocitatum
1298 1313 1456 1340 suarum
1475 1305 1513 1340 et
1532 1297 1739 1353 duplicata
1765 1300 1926 1340 ratione

274 1373 555 1413 diametrorum
575 1378 613 1412 et
631 1372 791 1412 ratione
810 1372 1021 1412 densitatis
1032 1371 1213 1425 partium
1236 1377 1495 1426 systematum.

275 1499 387 1559 Nam
420 1498 651 1540 resistentia
681 1499 811 1540 oritur
845 1499 995 1553 partim
1029 1513 1083 1540 ex
1113 1498 1268 1540 viribus
1303 1498 1539 1553 centripetis
1578 1498 1643 1540 vel
1685 1495 1925 1554 centrifugis

218 1571 365 1627 quibus
384 1570 599 1625 particulae
629 1578 898 1626 systematum
927 1585 970 1611 se
998 1578 1143 1611 mutuo
1172 1570 1342 1626 agitant,
1373 1570 1524 1624 partim
1545 1583 1600 1610 ex
1620 1568 1855 1610 occursibus
1884 1574 1927 1609 et

216 1641 507 1682 reflexionibus
536 1641 828 1695 particularum
861 1648 903 1682 et
931 1641 1111 1696 partium
1131 1642 1347 1696 majorum.
1409 1640 1566 1682 Prioris
1595 1648 1732 1682 autem
1760 1638 1924 1697 generis

215 1701 457 1753 resistentiae
492 1719 586 1752 sunt
617 1711 670 1752 ad
705 1710 878 1752 invicem
909 1719 955 1752 ut
989 1711 1095 1752 vires
1130 1719 1228 1753 totae
1261 1711 1453 1753 motrices
1486 1727 1511 1752 a
1535 1712 1687 1768 <quibus
1720 1712 1923 1763 oriuntur,

217 1782 268 1838 (Ζ)
292 1782 334 1823 id
355 1790 429 1832 est,
461 1790 509 1823 ut
527 1782 633 1823 vires
653 1790 752 1823 totae
772 1782 1078 1823 acceleratrices
1107 1789 1149 1823 et
1178 1782 1425 1837 quantitates
1455 1782 1638 1822 materiae
1667 1781 1710 1822 in
1738 1780 1925 1836 partibus

216 1853 656 1907 correspondentibus3
699 1853 780 1894 hoc
814 1861 877 1894 est
910 1857 1002 1909 (per
1035 1853 1317 1909 Hypothesin)
1354 1861 1397 1894 ut
1430 1853 1629 1909 quadrata
1661 1853 1925 1894 velocitatum

216 1921 371 1963 directe
391 1929 434 1964 et
453 1922 657 1964 distantiae
675 1923 972 1978 particularum
1001 1923 1412 1978 correspondentium
1432 1922 1593 1964 inverse
1614 1932 1655 1964 et
1675 1923 1924 1979 quantitates

215 1992 398 2034 materiae
427 1992 471 2032 in
503 1993 690 2047 partibus
725 1994 1142 2049 correspondentibus
1175 1993 1350 2036 directe:
1391 1993 1567 2049 ideoque
1597 2008 1690 2034 cum
1719 1993 1925 2035 distantiae

215 2065 510 2119 particularum
539 2056 768 2121 systematis
789 2066 910 2107 unius
929 2066 1013 2107 'sint
1032 2066 1086 2106 ad
1106 2066 1318 2107 distantias
1349 2064 1717 2120 correspondentes
1745 2060 1941 2120 particu?

216 2135 348 2186 larum
378 2135 556 2185 alterius,
594 2144 640 2177 ut
669 2135 868 2177 diameter
894 2136 1108 2191 particulae
1137 2136 1204 2177 vel
1232 2135 1359 2191 partis
1388 2137 1432 2176 in
1462 2143 1680 2192 systemate
1703 2135 1842 2190 priore
1870 2134 1924 2177 ad

215 2207 459 2248 diametrum
479 2206 693 2261 particulae
712 2206 778 2247 vel
792 2207 921 2261 partis
942 2205 1301 2261 correspondentis
1321 2206 1364 2246 in
1384 2205 1526 2256 altero,
1551 2206 1601 2261 (⁸)
1615 2213 1656 2246 et
1676 2205 1923 2261 quantitates

216 2279 397 2320 materiae
418 2278 499 2320 sint
518 2286 564 2320 ut
583 2278 806 2319 densitates
826 2278 1004 2333 partium
1025 2285 1066 2320 et
1087 2278 1182 2319 cubi
1211 2277 1504 2318 diametrorum
1516 2292 1527 2326 3
1558 2276 1800 2318 resistentiae
1828 2285 1923 2318 sunt

215 2352 269 2393 ad
289 2353 462 2399 invicem
481 2361 528 2393 ut
547 2352 747 2407 quadrata
765 2351 1028 2392 velocitatum
1048 2359 1088 2392 et
1108 2350 1308 2406 qua‘drata
1327 2350 1620 2395 diametrorum
1641 2357 1681 2389 et
1700 2348 1921 2390 densitates

764 2423 820 2473 Q.
842 2438 877 2465 e.
900 2423 943 2464 d.
1006 2423 1057 2479 (¹³)

260 2551 308 2594 (τ’)
322 2554 339 2571 ¹¹
357 2553 394 2583 Id
403 2557 455 2588 est,
471 2553 590 2582 uenires
600 2557 669 2581 totae
680 2551 898 2582 accelerati-iem
907 2555 936 2581 et
948 2560 1048 2591 quan-

217 2596 315 2625 titates
330 2596 466 2628 materiae
484 2594 552 2634 (per
570 2593 644 2623 Def.
664 2597 692 2623 8.
714 2593 783 2623 Lib.
805 2592 863 2631 1.).

260 2636 309 2677 (³)
326 2639 344 2656 '⁵
362 2638 406 2667 Ec
420 2637 606 2676 quantitates
621 2637 757 2666 materiae
767 2636 838 2671 sim,
854 2635 912 2664 διο.
940 2633 1050 2669 Quan-

216 2678 317 2708 titates
343 2679 477 2708 materiae
502 2683 575 2708 sunt
599 2682 635 2707 ut
656 2676 820 2707 densitates
840 2683 872 2706 et
893 2676 1052 2706 volumina

217 2721 350 2759 partium
367 2721 556 2761 conjunctim
573 2720 618 2760 (²2.
639 2718 710 2749 Lib.
731 2718 789 2758 L),
813 2723 844 2748 et
858 2719 899 2748 ob
913 2718 1049 2757 partium

217 2762 463 2798 similitudinem,
491 2761 650 2792 volumina
671 2766 744 2790 sunt
766 2766 801 2790 ut
823 2760 896 2790 cubi
918 2760 1050 2790 laterum

216 2804 462 2844 homologorum‚
485 2814 540 2834 seu
555 2803 783 2839 diametrorum,
807 2801 937 2842 ideoque
951 2812 1049 2842 quan-

216 2847 318 2877 titates
332 2846 470 2876 materiae
485 2852 558 2877 sunt
567 2851 604 2876 ut
618 2845 781 2876 densitates
795 2844 929 2884 partium
939 2844 1049 2874 et‘eubi

217 2888 447 2919 diametrorum.

254 2930 298 2971 (ὓ)
311 2933 328 2950 ⁴⁸
344 2932 516 2962 Posterioris
526 2931 644 2970 generis
652 2930 834 2964 resistentioe,
843 2928 898 2958 &c-
926 2927 957 2958 Si
968 2927 1051 2958 enim

216 2971 296 3002 vires
310 2972 511 3002 reflexionum
533 2978 747 3011 supponantur
757 2970 898 3011 aequales,
910 2970 1049 3000 resisten-

217 3013 271 3043 tiae
286 3021 359 3045 sunt
373 3021 408 3044 ut
423 3015 543 3044 numeri
561 3014 762 3044 reflexionum
777 3024 832 3044 seu
847 3022 1048 3049 occursuum;

216 3060 249 3086 et
269 3054 295 3085 si
319 3057 439 3086 numeri
455 3056 658 3086 reflexionum
680 3062 849 3096 sequentur,
873 3054 1052 3085 resistentioe

217 3105 290 3129 sunt
319 3104 356 3128 ut
383 3098 461 3128 vires
489 3098 693 3129 reflexionum
722 3096 1026 3137 cos-respondentium
1040 3107 1051 3134 ;

215 2424 394 2479 partium
423 2431 701 2479 systematum.

1091 2422 1335 2466 Posterioris
1364 2421 1526 2479 generis
1555 2420 1797 2462 resistentiae
1826 2428 1923 2462 sunt

1092 2546 1184 2585 unde,
1201 2547 1372 2588 conjunctis
1393 2546 1440 2577 his
1461 2546 1638 2582 rationibus,
1660 2545 1838 2576 resistentia
1851 2554 1922 2586 qun

1092 2600 1129 2621 ex
1144 2590 1362 2629 particularum
1377 2596 1408 2620 et
1422 2589 1555 2628 partium
1570 2588 1724 2628 majorum
1745 2587 1922 2619 occursibu-

1093 2639 1124 2663 et
1148 2631 1363 2663 reflexionibus
1387 2631 1538 2667 oriuntur,
1568 2636 1641 2660 sunt
1668 2639 1789 2669 semper
1813 2635 1850 2661 ut
1872 2638 1921 2660 re-

1093 2674 1262 2704 flexionum
1276 2672 1578 2712 correspondentiam
1589 2671 1711 2705 numeri
1722 2677 1753 2702 et
1761 2671 1839 2702 vires
1846 2681 1921 2702 eou-

1087 2717 1232 2757 junctim.
1281 2715 1414 2746 Numeri
1439 2720 1543 2744 autem
1569 2713 1782 2751 reflexionum,
1804 2709 1922 2744 ckterin

1091 2759 1224 2798 paribus,
1251 2764 1322 2788 sunt
1345 2758 1385 2788 ad
1405 2756 1535 2795 invicem
1550 2762 1586 2786 ut
1597 2756 1771 2786 velocitates
1785 2755 1919 2796 partium

1092 2799 1393 2839 correspondentium
1422 2797 1545 2835 directe,
1575 2804 1615 2835 et,
1646 2798 1762 2828 caeoeris
1786 2796 1920 2837 paribus,

1092 2850 1166 2873 sunt
1180 2841 1298 2873 inverse
1312 2847 1348 2873 ut
1362 2841 1458 2881 spatia
1473 2841 1553 2870 inter
1567 2840 1785 2879 particularum
1808 2846 1839 2871 et
1851 2848 1920 2879 pnr-

1093 2885 1172 2915 tium
1192 2882 1494 2923 coi-respondentium
1515 2892 1661 2912 occursus
1673 2892 1728 2912 seu
1742 2881 1921 2912 reflexiones

1094 2927 1270 2966 intercepta,
1292 2925 1325 2956 id
1340 2931 1395 2962 est,
1415 2923 1532 2955 inverse
1548 2931 1582 2955 ut
1597 2923 1729 2963 partium
1744 2931 1920 2963 correspon-

1091 2969 1233 3002 dentium
1258 2967 1406 3004 diametri,
1433 2965 1564 3006 ideoque
1585 2969 1706 2998 numeri
1727 2967 1921 3008 reflexu-ionum

1092 3018 1165 3043 sune
1179 3014 1220 3042 ad
1234 3013 1362 3042 invicem
1377 3015 1413 3041 ut
1427 3011 1591 3040 velocitates
1602 3011 1738 3049 partium
1749 3017 1922 3048 cor-reapon-

1094 3056 1233 3088 dentium
1252 3051 1359 3084 direct?
1384 3057 1415 3082 et
1436 3051 1614 3082 earumdem
1636 3049 1776 3081 diametri
1790 3046 1916 3080 invene.

1095 3099 1139 3129 Et
1162 3098 1236 3128 vires
1257 3096 1452 3136 reflexionum
1467 3099 1540 3125 sunt
1561 3099 1596 3126 ue
1618 3091 1721 3124 motus
1740 3091 1924 3133 qimmitaw·
