2066 3548
251 285 334 323 256
680 274 1130 320 PHILOSOPHIAE
1163 271 1522 316 NATURALIS
1599 269 1957 323 [Mor.Com²on.

893 565 1136 615 SECTIO
1170 565 1315 637 vm.

706 706 786 753 De
809 711 932 753 motu
947 720 1038 767 per
1038 704 1199 766 fluida
1213 710 1489 766 propagato.

510 879 885 923 PROPOSITIO
916 879 1040 921 XLI.
1101 876 1462 921 THEOREMA
1492 875 1695 919 XXXII.

247 996 413 1037 Pressio
434 1009 513 1036 non
535 1000 793 1049 propagatur
804 1009 883 1048 per
894 995 1073 1051 fluidum
1093 995 1298 1035 secundum
1319 994 1446 1035 lineas
1464 998 1604 1044 rectas,
1635 992 1717 1034 nisi
1735 992 1803 1033 ubi
1820 991 1958 1046 parti·

760 1068 859 1107 culae
871 1067 1006 1122 fluidi
1028 1068 1071 1107 in
1093 1067 1281 1107 directum
1297 1064 1452 1120 jacent.

311 1178 356 1221 Si
379 1179 545 1234 jaceant
572 1177 786 1233 particulae
806 1193 843 1228 a,
865 1177 907 1228 b,
931 1192 966 1229 c,
988 1177 1029 1228 d,
1051 1192 1076 1219 e
1094 1177 1139 1218 in
1157 1176 1265 1218 linea
1285 1175 1411 1227 recta,
1442 1183 1579 1231 potest
1608 1175 1775 1232 quidem
1802 1173 1960 1230 pressio

251 1248 406 1291 directe
434 1248 658 1305 propagari
685 1248 738 1290 ab
768 1263 793 1289 a
821 1247 875 1290 ad
903 1263 926 1290 e
938 1264 949 1298 3
990 1257 1033 1291 at
1059 1247 1262 1304 particula
1290 1263 1314 1290 e
1342 1247 1508 1305 urgebit
1539 1247 1763 1302 particulas
1795 1244 1960 1301 oblique

250 1322 405 1378 positas
425 1320 448 1362 f
461 1329 502 1363 et
520 1336 550 1378 g
569 1319 748 1376 oblique,
779 1327 821 1362 et
838 1321 1052 1376 particulae
1071 1320 1154 1362 illae
1173 1320 1196 1362 f
1207 1327 1249 1362 et
1267 1335 1296 1377 g
1313 1334 1400 1361 non
1419 1319 1682 1361 sustinebunt
1706 1318 1961 1373 pressionem
2013 1359 2019 1361 e

250 1394 420 1444 illatam,
441 1394 521 1436 nisi
539 1395 762 1436 fulciantur
779 1410 805 1436 a
822 1394 1034 1450 particulis
1063 1393 1342 1436 ulterioribus&

250 1461 282 1503 h
313 1471 354 1505 et
381 1464 434 1513 k3
475 1462 675 1520 quatenus
703 1471 841 1504 autem
869 1462 1106 1514 fulciuntur,
1137 1470 1332 1519 premunt

252 1534 474 1589 particulas
509 1534 724 1577 fulcientes
735 1550 747 1585 3
783 1543 824 1577 et
851 1534 920 1576 hae
953 1549 1039 1576 non
1073 1534 1332 1577 sustinebunt

252 1605 510 1660 pressionem
537 1605 619 1646 nisi
646 1605 867 1647 fulciantur
895 1606 948 1647 ab
973 1606 1235 1648 ulterioribus
1254 1606 1271 1646 l
1290 1613 1332 1648 et

253 1691 296 1717 m
318 1692 467 1733 easque
486 1684 688 1732 premant,
712 1684 754 1719 et
769 1677 827 1719 sic
842 1677 1036 1732 deinceps
1052 1678 1096 1719 in
1110 1677 1330 1719 infinitum.

259 1749 425 1790 Pressio
454 1749 593 1806 igitur,
631 1765 752 1806 quam
783 1751 964 1806 primum
996 1759 1251 1808 propagatur
1279 1749 1333 1791 ad

254 1821 480 1876 particulas
500 1836 594 1876 quae
613 1836 699 1863 non
718 1823 762 1863 in
782 1823 985 1873 directum
996 1824 1149 1878 jacent,
1181 1822 1330 1864 divari-

256 1905 350 1932 care
369 1890 539 1945 incipiet
558 1899 600 1932 et
618 1892 783 1948 oblique
811 1892 1107 1949 propagabitur
1124 1893 1169 1934 in
1194 1893 1332 1934 infini-

257 1970 346 2005 tum
357 1978 369 2012 3
391 1971 432 2004 et
450 1971 669 2019 postquam
689 1963 832 2017 incipit
851 1963 1016 2019 oblique
1035 1964 1271 2021 propagari,
1303 1964 1337 2005 si

257 2034 452 2076 inciderit
484 2035 529 2076 in
559 2035 780 2090 particulas
812 2035 1039 2086 ulteriores,
1076 2050 1169 2091 quae
1202 2050 1289 2077 non
1322 2035 1366 2076 in
1397 2035 1598 2089 directum
1623 2035 1778 2091 jacent,
1817 2033 1969 2075 iterum

258 2104 520 2155 divaricabit3
552 2106 676 2162 idque
706 2094 839 2157 toties,
875 2106 1034 2162 quoties
1061 2106 1104 2147 in
1132 2107 1353 2162 particulas
1380 2122 1466 2149 non
1486 2106 1676 2149 accurate
1695 2105 1961 2148 indirectum

239 2178 242 2180 ’
254 2176 439 2232 jacentes
459 2176 659 2218 inciderit.
722 2177 777 2226 Q.
799 2192 836 2218 e.
856 2177 897 2218 d.

320 2250 450 2292 Corol.
490 2251 535 2293 Si
553 2251 788 2306 messionis,
810 2266 836 2292 a
854 2251 952 2294 dato
970 2259 1126 2307 puncto
1145 2266 1221 2306 per
1238 2251 1413 2293 fluidum
1431 2258 1686 2308 propagatae,
1715 2262 1812 2304 pars
1832 2247 1970 2304 aliqua

263 2322 476 2365 obstaculo
496 2324 801 2379 intercipiatur3
831 2339 927 2379 pars
948 2325 1116 2380 reliqua,
1146 2338 1238 2380 quae
1258 2339 1344 2365 non
1363 2324 1632 2378 intercipitur,
1662 2320 1906 2363 divaricabit
1917 2319 1968 2370 {in

262 2393 391 2449 spatia
428 2408 537 2449 pone
577 2394 847 2436 obstaculum.
907 2395 959 2436 Id
994 2395 1106 2451 quod
1146 2395 1202 2436 sic
1242 2395 1365 2436 etiam
1403 2393 1679 2435 demonstrari
1716 2398 1866 2447 potest.
1927 2389 1970 2432 A

260 2474 416 2520 puncto
431 2466 472 2507 A
484 2476 736 2525 propagetur
748 2468 907 2522 pressio
923 2467 1263 2523 quaquaversum,
1280 2467 1405 2522 idque
1426 2467 1460 2508 si
1480 2466 1570 2508 fieri
1590 2471 1727 2520 potest
1740 2461 1970 2504 secundum

262 2538 392 2580 lineas
423 2547 567 2589 rectas,
602 2549 643 2582 et
672 2540 886 2581 obstaculo
916 2540 959 2582 N
981 2540 1018 2581 B
1041 2540 1077 2580 C
1102 2539 1143 2581 K
1172 2538 1382 2593 perforato
1401 2538 1444 2579 in
1467 2538 1504 2580 B
1529 2537 1578 2588 C,
1609 2534 1892 2589 intercipiatur
1921 2547 1970 2574 ea

265 2609 414 2660 omnis,
451 2617 604 2664 praeter
633 2618 792 2664 partem
822 2610 1089 2651 coniformem
1121 2610 1161 2651 A
1184 2610 1220 2651 P
1242 2609 1297 2660 Q,
1329 2624 1422 2665 quae
1450 2623 1526 2663 per
1554 2606 1742 2648 foramen
1771 2604 1970 2647 circulare

265 2679 303 2721 B
326 2679 362 2721 C
392 2681 549 2722 transit.
611 2680 751 2722 Planis
779 2681 1019 2722 transversis
1046 2681 1074 2722 d
1094 2696 1130 2731 e,
1151 2680 1226 2738 fg,
1247 2681 1278 2721 h
1298 2681 1313 2721 i
1339 2680 1613 2736 distinguatur
1641 2693 1772 2720 conus
1804 2678 1850 2719 A<
1867 2677 1904 2719 Ρ
1926 2675 1970 2726 Q

262 2751 306 2791 in
326 2749 479 2800 frusta3
513 2759 555 2793 et
583 2750 740 2792 interea
768 2751 868 2792 dum
897 2765 1024 2791 conus
1047 2751 1087 2791 A
1109 2751 1146 2792 B
1168 2751 1218 2801 C,
1250 2750 1505 2806 pressionem
1529 2747 1816 2805 propagando,
1847 2754 1970 2803 urget

263 2818 440 2859 frustum
461 2819 651 2860 conicum
670 2819 840 2861 ulterius
859 2818 888 2859 d
908 2833 930 2860 e
949 2835 978 2875 g
997 2818 1019 2859 f
1042 2820 1083 2859 in
1114 2820 1328 2874 superficie
1357 2818 1387 2860 d
1406 2834 1443 2869 e,
1481 2825 1522 2860 et
1549 2818 1630 2859 hoc
1649 2818 1825 2860 frustum
1850 2817 1970 2874 urget
2015 2872 2017 2875 .

263 2886 439 2930 frustum
458 2890 695 2944 proximum
715 2889 738 2930 f
749 2905 779 2946 g
800 2889 812 2929 i
832 2889 861 2930 h
881 2889 923 2929 in
944 2890 1160 2943 superficie
1180 2889 1255 2946 fg,
1278 2897 1319 2931 et
1333 2889 1509 2931 frustum
1528 2888 1633 2929 illud
1653 2895 1774 2945 urget
1793 2887 1970 2930 frustum

264 2961 443 3012 tertium,
466 2967 506 3002 et
526 2960 585 3003 sic
606 2961 800 3016 deinceps
821 2960 862 3000 in
884 2959 1114 3009 infinitum3
1150 2960 1410 3002 manifestum
1439 2966 1501 3001 est
1532 2958 1780 3016 (per‘motfis
1810 2958 1969 3015 Leg‘em

265 3033 443 3085 tertiam)
474 3034 586 3089 quod
614 3033 788 3075 frustum
818 3033 997 3088 primum
1026 3032 1055 3073 d
1075 3048 1097 3073 e
1116 3045 1143 3088 g
1163 3031 1192 3082 f,
1224 3033 1428 3075 reactione
1456 3031 1576 3072 frusti
1606 3031 1778 3073 secundi
1805 3029 1869 3087 fg
1885 3034 1900 3075 i
1918 3033 1984 3091 h,⁴

266 3110 427 3144 tantum
446 3104 658 3160 urgebitur
679 3112 719 3145 et
738 3111 948 3158 premetur
978 3103 1020 3144 in
1049 3103 1263 3157 superficie
1282 3102 1356 3160 fg,
1388 3110 1588 3158 quantum
1616 3109 1739 3159 urget
1758 3108 1800 3142 ct
1818 3099 1968 3156 premit
