2066 3548
241 235 295 272 96
667 230 1115 274 PHILOSOPHIAE
1147 231 1505 276 NATURALIS
1573 234 1932 288 [Mo‘r.CoRPon.

566 427 939 470 PROPOSITIO
970 428 1076 470 XII.
1137 414 1494 472 THEOREMA
1525 432 1608 473 IX.

233 542 378 584 Iisdem
389 543 547 596 positis,
570 543 658 583 dico
677 540 782 597 qued
797 543 834 584 si
853 544 988 596 spatia
1008 543 1205 596 descripta
1223 550 1427 585 sumantur
1447 545 1490 584 in
1502 547 1780 600 progressione
1797 549 1928 590 arith-

290 614 441 665 meticd,
475 617 696 658 velocitates
725 614 824 657 datd
853 614 1023 670 quddam
1053 617 1278 670 quantitate
1295 623 1421 658 auctae
1444 624 1559 658 erunt
1588 619 1631 658 z'n
1652 621 1928 673 progressione

211 683 237 710 ⁸
286 685 541 742 geometricd.

290 798 342 840 In
374 805 605 854 asymptoto
637 798 674 840 C
694 799 739 841 D
769 798 889 841 detur
916 806 1117 854 punctum
1148 800 1201 851 R,
1235 808 1276 843 et
1304 808 1440 843 erecto
1472 802 1767 858 perpendiculo
1799 804 1839 845 R
1870 805 1900 847 S
1912 818 1927 854 ς

233 869 344 925 quod
365 878 553 912 occurrat
571 869 807 926 hyperbolae
827 870 871 911 in
893 871 935 920 S,
968 879 1202 925 exponatur
1221 872 1472 927 descriptum
1493 873 1669 928 spatium
1687 888 1763 928 per
1790 889 1927 916 aream

231 940 540 996 hyperbolicam
572 941 612 982 R
635 941 664 982 S
686 941 724 982 E
743 941 788 982 D
802 956 814 990 ;
850 948 891 982 et
919 941 1113 983 velocitas
1144 942 1222 983 erit
1249 950 1296 983 ut
1323 941 1539 998 longitudo
1569 942 1612 984 G
1630 944 1689 994 D,
1721 959 1812 999 quae
1832 959 1927 986 cum

232 1010 327 1052 date
360 1009 396 1051 C
418 1010 462 1052 G
489 1010 699 1065 componit
726 1009 1026 1066 longitudinem
1057 1010 1093 1052 C
1115 1011 1158 1054 D
1187 1012 1231 1052 in
1263 1012 1551 1068 progressione
1578 1013 1824 1070 geometrice
1853 1014 1926 1056 de-

231 1088 495 1131 crescentem,
516 1080 672 1122 interea
691 1079 791 1122 dum
812 1081 988 1135 spatium
1009 1081 1051 1123 R
1075 1082 1105 1124 S
1127 1081 1164 1123 E
1186 1082 1229 1124 D
1249 1090 1423 1139 augetur
1437 1083 1481 1124 in
1500 1082 1766 1126 arithmetice.

288 1152 340 1208 (¹²)
372 1153 539 1195 Etenim
568 1154 623 1194 ob
649 1153 791 1194 datum
818 1153 938 1207 spatii
1268 1145 1270 1147 ¹

231 1223 529 1266 incrementum
550 1223 588 1265 E
608 1224 652 1265 D
673 1223 701 1264 d
719 1239 758 1273 e,
788 1224 939 1264 lineola

229 1294 276 1336 D
297 1294 339 1344 d,
361 1309 454 1350 quae
474 1294 779 1336 decrementum
799 1302 861 1336 est
879 1295 941 1349 ip-

231 1365 313 1406 sius
328 1365 372 1407 G
383 1366 442 1416 D,
456 1366 533 1407 erit
547 1365 756 1421 reciproce
771 1373 816 1407 ut
832 1366 936 1416 ED,

229 1435 406 1492 ideoque
440 1436 593 1478 directe
628 1447 675 1478 ut
708 1437 744 1482 C
763 1438 822 1487 D,
857 1436 939 1478 hoc

229 1514 304 1558 est,
337 1516 383 1549 ut
414 1523 573 1549 summa
603 1508 786 1563 ejusdem
824 1507 866 1549 G
897 1507 941 1548 D

231 1587 273 1619 et
292 1578 562 1635 longitudinis
583 1579 690 1620 datae
712 1579 748 1620 C
771 1579 825 1621 G.
859 1578 942 1621 Sed

229 1650 460 1692 velocitatis
491 1650 811 1700 decrementum,
842 1657 946 1690 tem·
1646 1688 1652 1700 2

227 1734 329 1775 pore
359 1721 436 1763 sibi
470 1721 679 1778 reciproce
706 1721 941 1777 proportio·
1030 1710 1058 1743 c
1217 1715 1251 1748 G
1301 1718 1353 1753 'A
1572 1722 1612 1755 D
1631 1723 1659 1759 d
1862 1724 1907 1762 R

227 1793 323 1844 nali,
356 1808 438 1849 quo
467 1793 563 1835 data
586 1794 706 1848 spatii
734 1793 935 1849 particula

228 1863 273 1905 D
294 1865 323 1905 d
343 1880 366 1906 e
387 1865 425 1906 E
445 1865 701 1915 describitur,
725 1865 768 1920 (¹)
790 1873 852 1906 est
873 1872 919 1905 ut
938 1864 1164 1905 resistentia
1185 1871 1225 1905 et
1244 1871 1405 1919 tempus
1426 1865 1688 1920 conjunctim,
1718 1864 1763 1906 id
1782 1871 1844 1906 est
1862 1864 1924 1906 di-

226 1934 336 1976 recte
356 1944 402 1976 ut
422 1950 580 1977 summa
600 1935 775 1976 duarum
794 1934 1077 1990 quantitatum,
1114 1948 1288 1990 quarum
1307 1949 1390 1976 una
1410 1943 1471 1976 est
1489 1943 1536 1976 ut
1554 1935 1759 1985 velocitas,
1795 1935 1925 1976 altera

229 2013 273 2045 ut
292 2004 514 2047 velocitatis
531 2004 788 2061 quadratum,
811 2011 852 2045 et
870 2002 1029 2045 inverse
1050 2011 1096 2044 ut
1114 2003 1331 2053 velocitas3
1352 2003 1528 2060 ideoque
1543 2003 1695 2046 directe
1708 2012 1754 2045 ut
1765 2018 1925 2046 summa

225 2074 401 2115 duarum
429 2074 714 2130 quantitatum,
746 2088 916 2129 quarum
938 2087 1022 2114 una
1041 2072 1174 2124 datur,
1205 2073 1333 2114 altera
1353 2081 1414 2115 est
1431 2082 1478 2115 ut
1498 2074 1701 2115 velocitas.
1762 2074 1920 2116 Decre-

225 2153 411 2186 mentum
429 2145 554 2202 igitur
574 2154 656 2187 tam
675 2145 900 2187 velocitatis
920 2159 1044 2201 quam
1064 2144 1184 2185 lineae
1217 2145 1260 2186 G
1279 2146 1338 2195 D,
1372 2154 1434 2187 est
1462 2154 1508 2188 ut
1536 2147 1739 2202 quantitas
1759 2146 1854 2188 data
1881 2154 1924 2188 et

226 2215 429 2270 quantitas
450 2216 690 2258 decrescens
711 2217 974 2273 conjunctim,
1006 2223 1048 2257 et
1065 2223 1237 2270 propter
1256 2216 1430 2273 analoga
1449 2217 1720 2269 decrementa,
1753 2217 1802 2273 (¹¹)
1823 2222 1933 2259 ana-'

224 2287 330 2344 logae
352 2303 513 2344 semper
532 2296 653 2330 erunt
682 2289 930 2345 quantitates
960 2288 1267 2338 decrescentes;
1301 2289 1494 2330 nimirum
1523 2289 1715 2331 velocitas
1745 2298 1786 2331 et
1813 2289 1922 2332 linea

227 2347 347 2402 Gn
408 2361 584 2410 oea

284 2432 413 2473 Corol.
438 2438 475 2473 1.
519 2433 564 2474 Si
582 2432 773 2474 velocitas
794 2439 1024 2487 exponatur
1051 2444 1127 2486 per
1155 2429 1454 2486 longitudinem
1487 2429 1530 2471 G
1549 2429 1606 2480 D,
1643 2431 1820 2486 spatium
1845 2431 1919 2474 de-

225 2501 422 2555 scriptum
441 2501 518 2543 erit
536 2509 582 2542 ut
601 2516 696 2543 area
714 2501 979 2558 hyperbolica
1000 2500 1044 2542 D
1068 2499 1105 2540 E
1128 2499 1158 2540 S
1181 2499 1233 2540 R.

286 2573 415 2614 Corol.
437 2578 477 2614 2,
510 2573 566 2614 Et
588 2574 622 2614 si
641 2580 849 2629 utcunque
867 2579 1097 2614 assumatur
1115 2578 1314 2628 punctum
1337 2571 1390 2622 R,
1413 2571 1641 2612 invenietur
1659 2579 1859 2627 punctum
1873 2573 1916 2616 G

225 2642 423 2696 capiendo
445 2643 488 2685 G
510 2643 549 2684 R
569 2642 622 2684 ad
644 2643 686 2684 G
706 2643 763 2693 D,
786 2651 832 2684 ut
851 2649 913 2683 est
931 2641 1123 2683 velocitas
1145 2641 1220 2682 sub
1241 2640 1356 2681 initio
1375 2640 1428 2681 ad
1443 2640 1697 2682 velocitatem
1711 2651 1805 2697 post
1823 2657 1912 2699 spa-

269 2766 315 2807 (h)
341 2769 358 2786 *⁶
383 2769 506 2799 Etenim
528 2769 561 2799 ob
581 2770 689 2799 datum
711 2768 798 2807 spatii
817 2769 1050 2803 incrementum,
1094 2763 1232 2806 adeoque
1253 2765 1323 2796 dato
1345 2765 1432 2804 spatii
1445 2765 1631 2796 incremento
1651 2772 1688 2796 ut
1708 2765 1848 2797 velocitas
1867 2765 1916 2796 in-

225 2817 279 2847 per
294 2809 483 2848 hypothesim
498 2809 559 2850 que
574 2810 672 2848 spatia
682 2815 898 2849 supponuntur
911 2808 944 2838 in
958 2808 1052 2838 arith·
1095 2807 1187 2837 verse.
1237 2806 1340 2843 Quare
1349 2807 1421 2838 dato
1435 2808 1522 2846 spatii
1537 2809 1733 2845 incremento,
1749 2808 1916 2840 velocitatis

226 2849 338 2880 meticfi
351 2852 558 2891 progressione
573 2861 716 2882 crescere.
1094 2849 1323 2880 decrementum
1338 2856 1382 2879 est
1396 2856 1432 2880 ut
1445 2850 1612 2880 resistentia
1633 2850 1745 2881 directe
1759 2857 1790 2881 et
1803 2850 1914 2881 veloci-

269 2892 308 2932 (ἰ)
327 2895 344 2912 *
362 2895 420 2923 Est
442 2899 475 2924 ut
497 2896 662 2925 resistentia
678 2899 706 2924 et
720 2899 835 2933 tempus
851 2892 1047 2932 conjunctim.
1095 2897 1140 2921 tas
1164 2890 1290 2928 inverse,
1317 2891 1349 2921 id
1370 2899 1424 2928 est,
1450 2891 1561 2922 directe
1584 2898 1619 2922 ut
1643 2903 1763 2923 summa
1782 2892 1914 2924 duarum

227 2932 406 2965 velocitatis
434 2935 662 2966 decrementum
691 2942 736 2966 est
763 2941 799 2965 ut
823 2933 993 2964 resistentia
1021 2939 1051 2963 et
1092 2934 1307 2973 quantitatum,
1323 2934 1378 2964 &c-

225 2981 348 3014 tempus
362 2976 549 3017 conjunctIm
566 2978 647 3018 (15),
671 2984 791 3017 ternpus
806 2975 876 3007 vero
893 2983 938 3006 est
951 2981 989 3005 ut
1003 2974 1051 3004 in·
1135 2974 1182 3015 (Κ)
1201 2978 1217 2994 *²
1237 2977 1380 3015 Analogae
1394 2986 1509 3016 semper
1519 2983 1618 3014 erunt,
1641 2977 1697 3008 διο.
1743 2976 1821 3017 (Per
1837 2975 1909 3008 cor.

226 3025 415 3048 crementum
438 3019 526 3057 spatii
551 3019 663 3050 directe
691 3027 722 3050 et
750 3019 892 3050 velocitas
919 3015 1048 3054 inverse,
1093 3015 1183 3046 Lem.
1204 3016 1266 3048 IV.
1285 3016 1354 3048 Lib.
1374 3017 1432 3058 1.).
