2066 3548
138 275 286 316 Lmen
308 275 525 328 Saeuum]
568 273 890 317 PRINCIPIA
922 271 1417 315 MATHEMATICA.

1767 276 1851 317 237

136 395 183 429 ut
202 395 244 429 et
262 386 464 428 densitate
482 387 600 428 fluidi
621 386 847 441 compressi
867 384 1114 441 quiescentis
1135 384 1178 425 in
1197 398 1282 440 quo
1309 383 1458 440 globus
1484 391 1699 432 movetur3
1729 382 1853 431 datur

136 459 191 500 ad
209 473 332 500 omne
351 466 516 513 tempus
537 467 579 500 et
598 457 791 500 velocitas
820 456 935 513 globi
955 466 997 497 et
1016 456 1105 511 ejus
1124 455 1357 497 resistentia
1377 462 1419 495 et
1438 453 1616 509 spatium
1636 453 1690 495 ab
1709 469 1760 495 eo
1778 453 1851 495 de-

135 529 347 583 scriptum,
368 543 445 583 per
467 527 608 569 Corol.
631 532 670 572 7.
694 528 821 582 Prop.
845 525 1044 568 XXXV.

140 623 141 627 ¹
192 602 244 658 (⁸)
272 603 404 644 Corol.
426 608 467 643 4.
515 601 680 644 Globus
714 602 759 642 in
792 600 922 641 fluido
956 613 1195 655 compresso
1229 599 1464 655 quiescente
1495 598 1682 654 ejusdem
1710 613 1851 641 secum

133 675 347 718 densitatis
367 674 587 724 movendo,
609 673 823 715 dimidiam
843 681 981 714 motus
1002 672 1066 714 sui
1083 679 1245 727 partem
1272 671 1387 726 prius
1416 671 1578 712 amittet
1604 684 1730 726 quam
1757 670 1850 712 lon-

134 747 366 805 gitudinem
383 746 563 787 duarum
582 745 710 800 ipsius
731 745 1030 786 diametrorum
1049 742 1326 798 descripserit,
1348 756 1425 796 per
1444 741 1557 783 idem
1580 740 1722 784 Corol.
1741 745 1780 786 7.

134 860 164 890 B
178 859 312 900 spatium
329 858 356 889 F
371 864 574 898 percurretur,
597 857 683 898 quod
704 864 826 896 tempus
847 855 968 886 dicatur

137 902 179 939 G,
202 911 336 942 cumque
357 901 517 932 velocitate
531 911 586 940 per
600 901 721 939 lapsum
743 898 892 940 aequisita
906 898 966 928 du-

133 944 222 984 plum
236 944 325 983 spatii
340 944 427 983 lapsu
442 944 577 983 percursi
600 943 795 973 uniformiter
815 941 969 972 describa-

132 993 186 1017 tur
199 987 267 1025 ipso
282 987 387 1025 lapsus
399 993 547 1026 ternpore,
563 985 634 1017 ideo
649 986 810 1016 velocitate
830 993 851 1022 p
873 983 968 1014 ndere

137 1030 166 1060 B
180 1035 317 1068 tempore
342 1029 372 1060 G
394 1028 552 1068 acquisita,
574 1028 685 1059 eodem
699 1036 837 1067 tempore
861 1027 892 1056 G
913 1025 968 1056 de-

133 1072 317 1102 scriberetur
332 1076 351 1101 2
369 1072 405 1109 F,
428 1071 564 1112 cumque
578 1071 721 1101 velocitas
742 1070 842 1100 omnis
865 1070 965 1108 expri-

132 1121 237 1145 matur
256 1124 312 1153 per
331 1114 464 1154 spatium
479 1114 612 1145 divisum
625 1124 680 1154 per
694 1121 826 1152 tempus,
851 1112 909 1143 erit
929 1122 967 1142 ea

132 1182 277 1213 velocitas
298 1182 433 1214 maxima
448 1157 513 1207 {E
525 1193 597 1224 quae
617 1183 651 1213 in
671 1187 829 1222 posterum
844 1180 967 1212 dicatur

466 1211 497 1241 G

136 1251 185 1281 H.

179 1293 194 1322 1
201 1293 228 1323 Ι.
256 1292 342 1324 Data
356 1301 459 1325 autem
474 1293 582 1335 quavis
595 1294 655 1325 alia
670 1293 809 1334 ejusdem
819 1292 903 1333 globi
914 1302 965 1322 ve-

131 1335 255 1366 locitate
268 1336 302 1366 in
317 1337 425 1367 eodem
440 1337 537 1368 fluido
551 1348 648 1377 eaque
669 1337 789 1367 dicatur
805 1336 853 1370 M,
877 1335 966 1364 resis-

132 1378 228 1408 tentia
242 1378 299 1417 ipsi
313 1389 491 1419 competens
500 1380 542 1410 ita
550 1380 715 1415 obtinetur,
732 1385 768 1408 ut
778 1377 966 1418 quadratum

132 1420 303 1452 velocitatis
326 1421 362 1451 H
384 1423 424 1452 ad
445 1423 629 1462 quadratum
649 1421 816 1451 velocitatis
837 1420 968 1460 hujusce

139 1462 192 1501 M,
204 1462 250 1493 ita
262 1469 308 1494 est
322 1465 491 1496 resistentia
504 1464 649 1495 adversus
662 1464 854 1495 velocitatem
865 1462 900 1493 H
915 1462 968 1493 cui

131 2131 255 2172 pondus
277 2131 307 2162 B
327 2128 510 2171 aequipollet,
536 2130 578 2161 ad
597 2130 797 2162 resistentiam
819 2131 965 2164 ad'versus

130 2174 324 2206 velocitatem
336 2174 385 2210 M,
399 2184 494 2214 quam
508 2174 624 2204 vocabo
638 2174 692 2211 123
707 2184 780 2204 curn
794 2185 870 2216 ergo
880 2175 966 2214 prius

131 2217 205 2248 data
224 2217 264 2247 sit
278 2215 356 2247 ratio
373 2216 404 2246 A
419 2215 459 2246 ad
478 2217 505 2246 B
520 2215 643 2247 dabitur
656 2216 749 2247 etiam
770 2217 847 2248 ratio
871 2219 903 2248 A
925 2218 965 2248 ad

137 2260 169 2291 R.
182 2257 314 2299 ideoque
328 2258 452 2288 dabitur
472 2259 606 2298 spatium
630 2259 715 2299 quod
735 2260 856 2290 actione
876 2261 908 2290 vi
933 2261 965 2291 R.

133 2301 278 2333 uniformi
289 2300 446 2340 supposita
456 2311 510 2340 per
518 2311 619 2331 unum
627 2301 784 2332 minutum
791 2302 965 2333 secundum

132 2343 364 2380 describeretur,
387 2344 539 2384 siquidem
554 2343 650 2383 spatia
664 2354 718 2383 per
731 2345 864 2376 diversas
884 2346 964 2377 vires

132 2387 305 2418 uniformes
318 2386 542 2417 aooelemtrices
555 2386 706 2425 descripta
719 2386 829 2418 iisdem
843 2395 963 2428 tempo·

131 2438 218 2469 ribus
226 2443 300 2469 sunt
313 2444 351 2468 ut
364 2437 426 2468 511ae
436 2437 523 2475 vires,
535 2438 670 2480 ideoque
684 2441 714 2471 A
723 2439 763 2471 ad
779 2442 810 2471 R
820 2447 858 2472 ut
870 2433 962 2485 Ιὸᾗ

133 2480 203 2520 ped.
231 2480 271 2511 ad
293 2481 427 2520 spatium
449 2490 514 2511 uno
534 2482 656 2512 minuto
678 2483 814 2514 secundo
829 2483 962 2524 descrip-

133 2529 212 2561 tum,
234 2523 324 2564 cujus
344 2523 434 2562 spatii
455 2522 588 2562 duplum
608 2534 663 2564 per
683 2536 785 2555 unum
805 2526 964 2558 minutum

133 2565 306 2596 secundm
319 2565 454 2596 divisum
468 2566 612 2605 exprimit
624 2567 817 2599 velocitatem
826 2570 855 2599 vi
867 2570 899 2600 R
909 2580 964 2609 per

133 2617 235 2638 unum
258 2608 416 2639 minutum
437 2609 608 2639 secundum
630 2610 821 2649 productam.
870 2612 965 2643 Unde

132 2650 306 2681 invenietur
319 2656 441 2690 tempus
454 2661 517 2692 quo
531 2661 586 2691 per
598 2662 668 2683 eam
681 2653 744 2683 vim
758 2654 791 2684 R
800 2653 962 2685 uniformi-

133 2697 182 2723 ter
201 2698 347 2733 agentem
365 2693 508 2725 velocitas
524 2694 561 2725 M
575 2695 703 2734 produci
724 2696 774 2726 vel
794 2696 888 2727 etiam
909 2696 964 2728 de-

132 2734 211 2765 strui
232 2741 343 2773 posset,
368 2735 543 2767 velocitates
559 2737 644 2768 enim
665 2747 721 2777 per
739 2739 880 2769 eamdem
901 2739 965 2770 vim

134 2776 292 2818 acquisita
311 2783 384 2808 sunt
403 2783 441 2809 ut
460 2785 599 2819 tempora
619 2781 732 2821 quibus
745 2782 964 2821 acquiruntur3

133 2829 211 2859 ergo
224 2818 367 2850 velocitas
380 2825 517 2860 tempore
530 2822 625 2853 unius
639 2823 752 2854 minuti
765 2824 894 2855 secundi
914 2834 966 2855 ae-

133 2861 248 2902 quisita
261 2867 309 2892 est
321 2861 362 2892 ad
375 2862 564 2895 velocitatem
578 2865 627 2902 M,
643 2871 680 2896 ut
693 2876 794 2896 unum
808 2866 967 2898 minutum

134 2903 308 2935 secundum
329 2904 371 2934 ad
390 2910 513 2946 tempus
525 2917 589 2948 quo
602 2908 648 2938 vis
665 2909 697 2939 R.
711 2908 903 2940 velocitatem
926 2910 966 2940 M

135 2956 282 2988 generare
303 2946 353 2977 vel
377 2946 484 2978 tollere
507 2957 618 2989 posset.
667 2950 761 2982 Unde
787 2951 912 2982 tandem
933 2952 968 2982 in

134 2989 311 3029 hyperbolae
338 2991 564 3022 constructione
592 2992 684 3024 datur
711 2993 797 3029 valor
820 2995 968 3026 temooris

136 3041 193 3071 per
206 3031 322 3062 lineam
339 3032 370 3062 A
388 3031 418 3063 B
433 3031 592 3074 designati.

179 3074 411 3115 Sumaturergo
425 3075 455 3106 B
468 3075 499 3106 E
513 3077 695 3117 quodsitad
712 3081 742 3109 A
755 3079 784 3109 B
798 3083 968 3119 uttempus

133 3116 220 3158 quod
234 3127 390 3148 assumere
403 3116 539 3150 lubetad
551 3125 675 3160 tempus
688 3121 767 3152 illud
781 3131 844 3162 quo
864 3121 911 3151 vis
933 3122 966 3153 R

134 3159 327 3192 velocitatem
350 3159 389 3191 M
410 3170 480 3202 quae
500 3171 556 3201 per
572 3162 601 3194 B
618 3164 646 3195 C
667 3164 849 3204 exprimitur
870 3174 965 3206 gene-

1010 865 1076 885 rare
1101 853 1152 885 vel
1177 853 1285 885 tollere
1313 858 1414 892 potest
1435 852 1633 883 uniformiter
1657 851 1788 894 agendo,
1817 859 1850 884 et

1009 897 1143 928 ducatur
1156 897 1296 927 ordinata
1312 896 1343 927 E
1364 896 1401 933 F,
1417 906 1454 926 ω,
1467 895 1642 936 designabit
1656 895 1850 927 velocitatem

1009 939 1094 980 globi
1108 949 1147 970 eo
1161 945 1299 978 tempore
1319 938 1513 978 superstitem
1528 948 1599 978 quae
1613 947 1651 968 ex
1666 937 1777 968 natura
1790 939 1849 978 hy.

1009 981 1145 1021 perbolae
1159 982 1328 1018 habebitur,
1344 987 1391 1012 est
1404 981 1488 1011 enim
1507 980 1538 1011 A
1555 980 1598 1017 E,
1612 980 1654 1011 ad
1667 983 1698 1011 A
1716 981 1757 1017 B,
1768 980 1849 1012 sicut

1014 1025 1043 1055 B
1062 1025 1168 1056 Csive
1186 1023 1278 1055 Mad
1341 1023 1427 1059 EF,
1451 1023 1537 1054 unde
1558 1023 1848 1054 cumsitAE=

1011 1068 1043 1097 A
1061 1067 1090 1098 B
1105 1067 1148 1109 -Ιι-
1166 1067 1195 1097 B
1214 1067 1264 1104 E;
1287 1066 1388 1107 sitque
1414 1068 1442 1096 A
1460 1066 1489 1096 B
1512 1072 1637 1105 tempus
1650 1075 1724 1096 mox
1738 1065 1847 1096 inven-

1007 1115 1087 1146 tum,
1113 1110 1141 1140 B
1160 1110 1190 1140 E
1205 1118 1329 1149 tempus
1342 1115 1545 1148 assumptum,
1566 1109 1596 1140 B
1614 1109 1640 1140 C
1656 1109 1721 1139 sive
1741 1108 1781 1139 M
1795 1118 1848 1139 ve-

1009 1151 1118 1183 locitas
1132 1153 1213 1190 data,
1230 1152 1323 1183 datur
1333 1152 1425 1183 etiarn
1442 1152 1473 1182 E
1492 1152 1529 1182 F.

1055 1196 1160 1225 Datur
1175 1195 1288 1234 pariter
1301 1194 1473 1225 resistentia
1486 1195 1514 1225 B
1533 1194 1578 1230 H,
1595 1199 1642 1225 est
1655 1193 1740 1224 enim
1753 1194 1780 1224 B
1793 1193 1819 1225 C
1830 1194 1847 1213 ²

1008 1237 1096 1269 adE
1116 1237 1274 1268 F²utR
1294 1237 1335 1268 ad
1354 1238 1471 1280 hancce
1491 1246 1606 1267 novam
1631 1236 1846 1274 resistentiam,

1008 1290 1090 1320 quae,
1106 1280 1259 1319 prioribus
1272 1280 1360 1316 datis,
1377 1281 1470 1310 etiam
1484 1278 1620 1309 dabitur.

1055 1323 1203 1363 Denique
1217 1324 1309 1360 datur
1322 1324 1457 1361 spatium
1471 1332 1491 1352 a
1504 1331 1631 1360 corpore
1645 1321 1845 1361 descriptum,

1009 1364 1102 1395 datur
1116 1367 1200 1395 enim
1216 1365 1350 1404 spatium
1365 1364 1449 1405 quod
1463 1364 1625 1394 velocitate
1639 1364 1790 1395 constanti
1807 1365 1847 1395 M

1010 1413 1147 1446 tempore
1161 1408 1190 1438 B
1205 1408 1234 1438 E
1247 1407 1432 1446 percurritur
1440 1419 1450 1444 ;
1466 1413 1514 1437 est
1523 1405 1596 1437 vero
1605 1417 1676 1438 area
1687 1408 1715 1438 B
1729 1407 1755 1438 C
1771 1407 1802 1438 G
1815 1406 1846 1437 E

1010 1449 1049 1480 ad
1064 1451 1196 1489 spatium
1211 1449 1443 1490 hyperbolicum
1461 1450 1490 1479 B
1510 1450 1535 1480 C
1554 1449 1581 1479 F
1599 1449 1639 1484 E.
1662 1455 1698 1480 ut
1712 1450 1848 1488 spatium

1010 1492 1171 1523 velocitate
1192 1491 1344 1523 constanti
1362 1493 1399 1522 M
1411 1498 1549 1531 tempore
1568 1492 1596 1522 B
1611 1492 1641 1522 E
1656 1502 1846 1531 percursum,

1010 1534 1050 1565 ad
1064 1535 1197 1574 spatium
1219 1544 1400 1573 percursum
1420 1544 1494 1564 curn
1516 1533 1674 1565 velocitate
1689 1544 1744 1574 per
1756 1535 1847 1565 resis-

1010 1577 1139 1608 tentiam
1154 1577 1357 1614 decrescente,
1373 1583 1404 1608 at
1415 1576 1575 1607 exnaturii
1590 1576 1848 1618 logarithmorum

1008 1619 1277 1660 hyperbolicorum
1290 1620 1425 1659 spatium
1439 1619 1675 1660 hyperbolicum
1689 1620 1718 1650 B
1733 1620 1760 1651 C
1775 1620 1802 1651 F
1814 1620 1846 1651 E

1009 1693 1056 1718 est
1080 1687 1285 1729 legarithmus
1305 1687 1484 1728 quantitatis
1622 1693 1654 1718 et
1673 1687 1746 1728 quia
1760 1687 1847 1730 loga-

1518 1705 1598 1724 -2

1008 1756 1113 1786 rithmi
1133 1756 1311 1787 earumdem
1332 1716 1540 1797 quantitatuss
1557 1716 1595 1787 iil
1617 1755 1743 1786 d1versis
1756 1756 1846 1799 loga-

1007 1799 1192 1830 rithmorum
1214 1800 1350 1830 seriebus
1370 1800 1486 1838 sumpti
1501 1806 1576 1830 sunt
1589 1799 1844 1839 proportionales,

1006 1873 1148 1898 sumatur
1172 1867 1376 1909 logarithmus
1397 1867 1484 1898 illius
1507 1867 1688 1909 quantitatis
1710 1842 1791 1926 2—{1}
1812 1868 1847 1899 in

1006 1937 1119 1967 tabulis
1153 1936 1340 1978 vulgaribus,
1368 1936 1483 1977 fiatque
1505 1943 1541 1967 ut
1562 1936 1768 1978 logarithmus
1789 1937 1843 1968 de-

1006 1979 1085 2009 narii
1095 1979 1216 2010 numeri
1226 1979 1258 2009 in
1268 1979 1382 2010 tabulis
1390 1980 1467 2021 (sive
1473 1979 1631 2019 unitas)ad
1641 1983 1670 2010 2.
1676 1983 1845 2012 30258509

1005 2022 1061 2062 qui
1076 2028 1122 2053 est
1136 2022 1338 2064 logarithmus
1352 2023 1567 2062 hyperbolicas
1578 2022 1719 2062 ejusdem
1727 2022 1845 2054 denarii

1007 2089 1140 2127 numeri,
1161 2090 1205 2120 ita
1225 2090 1366 2131 logatith.
1379 2090 1558 2130 quantitatis
1574 2065 1654 2148 ἓξ
1670 2101 1708 2121 ex
1727 2091 1842 2121 tabulis

1007 2156 1190 2197 desumptus
1215 2156 1255 2187 ad
1280 2157 1500 2198 logarithmum
1522 2137 1755 2199 hyperbolicum
1776 2159 1844 2200 ejus

1006 2200 1194 2240 quantitatis,
1220 2200 1382 2232 habebitur
1406 2210 1477 2232 area
1504 2202 1534 2232 B
1552 2202 1579 2233 C
1598 2202 1626 2232 F
1642 2203 1685 2238 E,
1707 2201 1842 2274 sitlergo

1007 2267 1141 2310 dignitas
1162 2268 1405 2314 hyperbolae=j
1429 2272 1458 2307 1,
1479 2268 1538 2300 erit
1561 2270 1844 2327 Bc=Het

1005 2341 1843 2422 areaBCGE=X¹33><Bnid26queut

1008 2432 1085 2463 BE

1009 2477 1097 2516 ff,
1114 2457 1154 2488 ad
1167 2458 1390 2500 logarithmum
1403 2459 1583 2500 quantitatis
1600 2488 1631 2517 A
1647 2433 1679 2517 ξ
1697 2470 1715 2491 e
1729 2458 1842 2491 tabulis

1007 2527 1207 2567 desumptum
1232 2532 1263 2558 et
1282 2527 1524 2568 multiplicatum
1547 2539 1603 2568 per
1625 2531 1840 2561 230258509.

1007 2571 1059 2601 Ita
1079 2570 1211 2610 spatium
1236 2569 1396 2602 velocitate
1417 2571 1569 2601 constanti
1593 2572 1622 2602 B
1648 2571 1675 2602 C
1700 2576 1839 2612 tempore

1008 2613 1038 2644 Β
1057 2613 1087 2644 E
1107 2622 1294 2652 pei-cursum,
1310 2614 1350 2644 ad
1364 2613 1498 2653 spatium
1511 2623 1692 2653 percursum
1702 2623 1775 2644 cum
1790 2624 1842 2646 ve-

1005 2655 1129 2687 locitate
1143 2665 1198 2695 per
1211 2655 1412 2686 resistentiam
1427 2655 1629 2687 decrescente.
1667 2656 1710 2692 Q.
1728 2666 1757 2687 e.
1773 2656 1794 2688 ἰ.

1050 2698 1099 2740 (²)
1116 2701 1134 2718 ¹*
1153 2699 1246 2731 corel.
1265 2701 1295 2728 4.
1309 2710 1319 2736 ;
1337 2701 1354 2718 ¹⁶
1368 2708 1440 2729 cum
1449 2699 1561 2739 globus
1570 2705 1601 2729 et
1611 2697 1745 2729 fluidum
1756 2699 1839 2740 ejus-

1007 2740 1079 2771 dem
1103 2740 1261 2772 densitatis
1283 2747 1506 2781 supponantur,
1532 2741 1703 2772 resistentia
1727 2742 1787 2773 isto
1807 2741 1842 2772 in

1007 2793 1082 2814 casu
1095 2784 1153 2814 erit
1173 2783 1300 2825 aequalis
1314 2783 1344 2814 vi
1357 2783 1419 2824 qua
1432 2789 1516 2814 totus
1529 2789 1634 2814 motus
1646 2783 1732 2825 globi
1745 2793 1841 2825 gene-

1008 2826 1068 2857 rari
1082 2826 1130 2857 vel
1145 2826 1211 2857 tolli
1225 2832 1326 2866 posset
1339 2836 1403 2866 quo
1416 2832 1553 2864 tempore
1566 2832 1637 2857 octo
1650 2827 1754 2858 tertias
1774 2826 1840 2858 dia-

1008 2869 1099 2899 metri
1127 2879 1193 2899 suae
1220 2869 1415 2899 uniformiter
1442 2868 1634 2903 describeret.
1668 2869 1775 2910 itaque
1801 2868 1842 2901 sit

1011 2911 1040 2942 Β
1059 2912 1085 2943 C
1100 2918 1204 2942 motus
1224 2911 1319 2952 globi,
1343 2911 1400 2941 erit
1417 2911 1448 2941 A
1465 2911 1495 2941 B
1509 2916 1632 2950 tempus
1645 2921 1708 2952 quo
1722 2911 1841 2943 unifor-

1008 2954 1101 2984 miter
1122 2960 1310 2993 percurreret
1332 2958 1402 2984 octo
1422 2953 1527 2984 tertias
1547 2964 1613 2984 suae
1628 2954 1779 2992 diametri,
1801 2953 1842 2985 sit

1014 2996 1046 3027 Ε
1068 2996 1106 3034 F,
1133 2995 1298 3026 dimidium
1321 2996 1349 3026 B
1369 2995 1405 3032 C,
1431 2996 1580 3036 quoniam
1602 2997 1633 3027 E
1651 2996 1679 3028 F
1698 2996 1842 3036 exprimit

1008 3038 1167 3069 residuum
1184 3044 1314 3074 motum,
1337 3036 1367 3068 B
1383 3037 1413 3068 E
1428 3038 1487 3069 erit
1500 3045 1623 3079 tempus
1636 3049 1699 3080 quo
1712 3038 1842 3070 dimidia

1008 3090 1079 3120 pars
1102 3087 1206 3111 motus
1231 3080 1342 3111 amissa
1362 3080 1467 3118 fuerit,
1493 3081 1547 3113 sed
1564 3081 1593 3113 B
1612 3081 1739 3114 eadE
1758 3080 1784 3113 F
1804 3087 1842 3112 ut

1011 3124 1042 3154 A
1060 3123 1189 3154 EadA
1210 3123 1391 3154 BetestB
1410 3123 1764 3162 CadDFutsadl,
1786 3133 1842 3164 per

1007 3172 1104 3197 const.
1119 3164 1637 3207 ergoetiamAE=2ABetB
1651 3167 1739 3199 E=
1754 3167 1784 3198 A
1799 3166 1840 3204 B,
