2066 3548
246 268 295 304 18
668 263 1121 309 PHILOSOPHIAE
1155 263 1517 309 NATURALIS
1587 268 1734 320 [Mo'r.
1746 269 1946 312 Conpon.

243 377 419 431 spatium
439 391 461 417 1·
480 363 542 418 ln
564 385 592 419 t.
656 379 711 428 Q.
733 394 768 420 e.
786 379 826 420 d.
889 379 944 420 Et
966 379 1016 434 (P)
1039 378 1182 420 similis
1203 380 1583 424 estssdemonstratio
1603 383 1740 426 motus
1769 384 1946 440 expositi

241 446 287 487 in
306 461 494 488 ascensu.
542 448 598 498 Q.
619 463 654 490 e.
675 449 716 489 d.

285 561 332 602 (Ρ)
360 563 405 592 Et
429 563 530 594 similis
553 569 597 594 est
619 566 838 595 demonstratio.
889 564 1076 595 Resolvatur
1117 570 1180 596 tem
1202 566 1351 608 reliquam
1375 579 1396 599 u
1432 579 1473 600 ue
1495 569 1535 600 ad
1559 568 1672 601 lineam
1703 571 1734 602 E
1752 571 1792 608 Β,
1816 571 1878 601 sive
1898 577 1944 602 est

241 603 325 633 enim
339 605 555 644 rectangulum
572 606 605 636 D
618 606 646 636 B
661 606 694 635 in
709 605 891 646 rectangula
911 606 1076 638 innumera
1117 618 1188 638 area
1212 609 1244 639 D
1262 610 1292 640 G
1307 620 1326 650 q
1344 610 1377 641 K
1397 621 1416 642 a
1459 621 1560 642 arcem
1585 613 1616 643 G
1633 613 1663 643 E
1678 612 1699 643 k
1713 623 1734 653 q
1754 620 1790 643 ut
1807 615 1838 644 A
1856 614 1882 644 C
1903 614 1944 644 ad

243 645 276 675 D
302 644 337 682 k,
348 645 380 675 K
393 646 414 683 l,
429 647 458 678 L
469 657 511 684 m,
530 648 567 677 M
578 657 609 684 n,
624 648 680 677 διο.
695 658 765 688 ᾳιιιε
775 648 837 678 sint
846 654 882 679 ut
893 647 1071 679 decremen-
1114 650 1287 689 portionem
1308 652 1448 683 abscissae
1461 653 1542 684 inter
1558 657 1588 684 A
1605 660 1636 685 et
1650 655 1942 694 perpendicularem,

240 692 273 717 ta
300 687 497 718 velocitatum
526 690 695 729 aeqiialibus
723 690 852 720 totidem
881 691 1071 730 temporibus
1112 698 1144 722 et
1157 693 1312 732 assumpta
1323 696 1481 733 communi
1495 695 1657 727 altitudine
1674 697 1705 727 A
1720 697 1759 733 B,
1776 703 1812 727 ut
1825 703 1943 728 rectan-

240 729 330 768 meta,
352 735 383 761 et
397 737 496 768 erunt,
520 731 607 771 nihil,
622 732 654 762 D
669 732 701 771 k,
718 732 785 771 Dl,
804 732 838 763 D
852 742 895 770 m,
915 733 948 764 D
963 743 994 770 n,
1011 734 1067 764 &c.
1115 733 1229 774 gulum
1246 737 1277 773 A
1297 736 1331 766 H
1355 736 1394 767 ad
1416 737 1631 779 rectangulum
1652 739 1709 769 sub
1731 739 1762 769 A
1782 740 1810 770 B
1826 746 1857 770 et
1870 749 1941 779 por-

1294 778 1378 809 tione
1392 779 1530 810 abscissae
1543 780 1623 811 inter
1643 782 1675 811 A
1697 787 1728 812 et
1743 781 1944 821 perpendicu-

1295 819 1400 858 larem,
1430 821 1561 862 ideoque
1587 832 1659 854 area
1688 823 1721 854 D
1747 824 1778 854 G
1801 834 1821 864 q
1847 823 1878 854 K
1904 823 1943 854 ad

1295 872 1397 892 aream
1425 863 1455 894 G
1478 864 1507 894 E
1523 864 1543 894 k
1557 874 1579 905 q
1599 871 1636 895 ut
1657 865 1702 895 vis
1725 865 1880 906 gravitatis
1904 865 1944 896 ad

1296 903 1497 936 resistentiam
1511 906 1574 937 sive
1584 906 1774 938 velocitatem
1788 907 1942 939 residuam

1295 946 1327 975 iu
1344 946 1446 978 medio
1460 948 1604 988 temporis
1622 949 1723 988 primi,
1746 949 1880 991 cumque
1899 950 1945 980 vis

1296 989 1451 1028 gravitatis
1473 990 1512 1020 sit
1536 991 1650 1032 ubique
1677 992 1783 1022 eadem
1812 999 1844 1022 et
1865 1002 1944 1022 areae

1299 1031 1331 1061 D
1348 1031 1377 1061 G
1392 1041 1412 1072 q
1430 1031 1473 1069 K,
1489 1042 1510 1072 q
1526 1033 1560 1063 K
1578 1033 1606 1063 L
1621 1043 1647 1070 r,
1670 1034 1786 1074 ubique
1801 1034 1942 1074 aequaies,

1296 1083 1374 1103 areae
1392 1074 1422 1104 G
1440 1075 1470 1105 E
1485 1075 1507 1104 k
1522 1086 1550 1115 q,
1566 1075 1588 1104 k
1599 1085 1618 1115 q
1629 1085 1644 1105 r
1658 1076 1679 1112 l,
1691 1077 1747 1106 διο.
1761 1083 1853 1107 erunt
1863 1086 1943 1107 sem-

1296 1126 1351 1155 per
1365 1122 1402 1146 ut
1414 1116 1592 1147 resistentiae
1605 1117 1639 1147 in
1654 1118 1785 1159 singulis
1798 1118 1944 1157 tempori-

1296 1160 1354 1190 bus
1382 1158 1445 1190 sive
1474 1165 1510 1190 ut
1538 1159 1720 1197 velocitates,
1749 1159 1880 1200 ideoque
1908 1167 1945 1192 ut

1296 1200 1393 1240 spatia
1417 1201 1547 1242 singulis
1566 1202 1765 1240 tempusculis
1783 1202 1942 1242 descripta,

1296 1254 1333 1274 uc
1346 1253 1401 1284 per
1414 1253 1604 1284 consequens
1618 1254 1696 1274 areae
1707 1250 1779 1276 totae
1797 1245 1827 1275 G
1842 1245 1871 1275 E
1884 1255 1903 1274 n
1919 1251 1942 1282 t,

1297 1291 1387 1316 erunt
1400 1292 1437 1316 ut
1451 1287 1548 1325 spatia
1561 1292 1626 1317 toto
1639 1293 1776 1326 tempore
1793 1287 1823 1318 G
1842 1287 1874 1317 D
1889 1288 1919 1317 N
1931 1293 1945 1318 t

1297 1327 1455 1367 descripta,
1479 1328 1556 1359 dum
1576 1338 1655 1359 areae
1678 1331 1708 1359 A
1724 1330 1753 1359 B
1771 1330 1803 1360 N
1817 1339 1839 1359 n
1853 1335 1945 1360 erunt

1298 1377 1335 1401 ut
1347 1370 1521 1401 velocitates
1533 1370 1566 1400 in
1581 1370 1643 1402 fine
1651 1381 1759 1402 eorum
1769 1377 1944 1411 temporum

1297 1413 1454 1444 residuae?

1338 1458 1390 1486 51.
1417 1455 1449 1485 Si
1464 1461 1634 1496 asymptoto
1652 1457 1682 1487 A
1700 1457 1725 1487 Z
1745 1456 1893 1496 descripta
1906 1456 1946 1488 sit

1198 1507 1234 1545 c
1295 1497 1507 1538 logarithmica
1517 1499 1632 1537 quaevis
1645 1499 1673 1529 L
1688 1500 1709 1530 S
1722 1499 1761 1537 T,
1776 1499 1814 1529 ad
1824 1509 1945 1539 asymp-

591 1531 650 1575 ‘A'
1296 1546 1398 1570 totum
1420 1549 1524 1570 versus
1541 1541 1566 1570 Z
1580 1541 1736 1578 accedens,
1759 1547 1790 1572 et
1804 1543 1944 1572 ordinata

1044 1596 1045 1599 =
1298 1583 1329 1612 A
1352 1582 1381 1612 L
1415 1588 1550 1620 exponat
1585 1583 1775 1614 velocitatem
1811 1583 1944 1622 corporis

1112 1625 1203 1656 initio
1218 1622 1330 1660 metim,
1348 1624 1547 1664 abscissaeque
1565 1625 1596 1655 A
1613 1626 1659 1663 H,
1680 1627 1708 1656 A
1727 1626 1772 1663 K,
1788 1631 1944 1665 exponant

1112 1674 1270 1706 tempora3
1293 1672 1385 1696 erunt
1407 1666 1480 1707 (50)
1506 1666 1654 1697 ordinatae
1680 1668 1716 1698 H
1734 1669 1765 1705 S,
1793 1668 1827 1699 K
1845 1669 1883 1704 T,
1907 1673 1944 1699 ut

1112 1708 1286 1740 velocitates
1314 1708 1444 1738 residuae
1472 1708 1581 1747 elapsis
1613 1712 1802 1749 temporibus
1833 1711 1863 1741 A
1893 1710 1942 1748 H,

1115 1750 1146 1781 A
1165 1751 1210 1788 K,
1237 1757 1268 1781 et
1283 1750 1353 1781 ideo
1366 1749 1459 1781 ducta
1472 1761 1526 1789 per
1538 1758 1688 1790 punctum
1704 1753 1733 1783 L
1748 1752 1830 1783 recte
1852 1753 1881 1783 L
1900 1753 1941 1788 Q.

1112 1800 1287 1833 asymptoto
1304 1793 1334 1822 A
1353 1793 1378 1823 Z
1394 1793 1549 1832 parallelis,
1565 1799 1597 1824 et
1610 1794 1764 1826 ordinatas
1778 1795 1942 1834 productas

1111 1835 1149 1865 H
1167 1836 1198 1871 S,
1217 1835 1251 1866 K
1268 1835 1297 1865 T
1312 1842 1432 1865 secante
1447 1835 1479 1865 in
1498 1835 1534 1872 P,
1554 1836 1595 1873 Q,
1611 1843 1702 1868 erunt
1719 1838 1747 1868 P
1761 1838 1792 1872 S.
1813 1839 1846 1874 Q
1860 1838 1889 1868 T
1902 1843 1940 1868 ut

1112 1877 1286 1908 velocitates
1299 1878 1429 1914 amissae,
1444 1876 1536 1918 atque
1550 1878 1643 1909 etiam
1654 1886 1690 1910 ut
1698 1880 1795 1919 spatia
1808 1879 1941 1919 descrip,

273 1185 312 1222 E
330 1182 359 1220 k
378 1182 500 1221 lmn
583 1185 625 1224 B

237 1633 274 1658 ut
294 1627 470 1659 velocitates
490 1635 565 1661 totae
586 1629 704 1661 amissae
718 1631 752 1661 in
766 1631 916 1671 principio
931 1632 1071 1671 singulo-

237 1679 310 1699 rum
331 1678 505 1709 temporum
531 1672 707 1712 aequalium.
756 1673 840 1708 Quia
853 1674 950 1713 igitur
969 1678 1071 1704 totum

237 1713 454 1752 rectangulum
471 1714 503 1743 D
522 1714 559 1748 B,
584 1715 709 1753 exponit
724 1715 794 1756 (per
814 1714 904 1755 hyp.)
928 1714 1070 1746 velocita-

236 1759 300 1783 tem
315 1755 448 1794 corporis
463 1761 493 1786 et
507 1756 709 1786 resistentiam
723 1756 817 1787 medii
831 1757 985 1787 velocitati
998 1767 1070 1796 pro-

238 1796 441 1835 portionalem
466 1798 556 1828 initio
579 1808 731 1835 ascensus,
758 1799 938 1839 rectangula
969 1800 1000 1829 A
1025 1800 1067 1838 E,

240 1838 271 1868 A
289 1839 320 1874 k,
341 1839 371 1869 A
386 1838 407 1875 l,
427 1842 458 1869 A
473 1850 516 1877 m,
536 1840 567 1870 A
583 1850 614 1877 n,
629 1841 693 1881 &m
719 1847 875 1879 exponent
894 1841 1068 1873 velocitates

237 1880 381 1916 residuas,
404 1882 650 1922 resistentiasque
663 1882 758 1913 medii
772 1882 861 1913 initio
875 1883 1070 1924 singulorum

237 1928 413 1961 temporum
436 1924 611 1965 aequalium.
662 1924 731 1956 Fiat
747 1925 777 1955 A
796 1926 833 1962 C,
849 1925 889 1956 ad
907 1927 936 1956 A
950 1924 995 1959 K,
1007 1926 1071 1957 sive

237 1971 372 2005 rectang.
393 1966 423 1996 A
443 1966 478 1996 H
493 1967 533 1997 ad
555 1973 689 2008 rectang.
712 1968 742 1997 A
757 1967 789 2004 k,
806 1974 842 1998 ut
856 1967 902 1998 vis
915 1968 1070 2009 gravitatis

238 2006 277 2037 ad
294 2008 496 2039 resistentiam
510 2009 660 2048 principio
675 2009 821 2048 temporis
835 2010 972 2048 secundi,
995 2016 1026 2041 et
1039 2010 1069 2040 vi

238 2049 395 2088 gravitatis
419 2050 552 2081 addatur
576 2051 746 2082 resistentia
770 2052 868 2093 (quod
889 2052 1020 2093 gravitas
1039 2059 1070 2083 et

238 2090 406 2122 resistentia
420 2095 553 2132 corporis
561 2093 753 2124 ascendentis
764 2100 885 2125 motum
899 2095 1067 2135 retardent)

237 2139 270 2163 ct
298 2141 388 2165 erunt
421 2136 451 2165 D
479 2136 509 2166 E
538 2137 573 2166 H
599 2136 636 2172 C,
669 2136 747 2166 Kk
774 2137 871 2174 Hc,
903 2137 1066 2174 LlHC,

240 2175 279 2205 M
294 2186 325 2205 m
340 2177 381 2210 H„
393 2177 426 2211 C,
444 2178 513 2213 &c.,
530 2184 565 2208 ut
580 2178 658 2208 vires
672 2178 819 2209 absolutae
832 2179 944 2219 quibus
958 2189 1068 2219 corpus

237 2217 271 2246 in
297 2218 446 2257 principio
471 2220 665 2260 singulorum
689 2227 863 2259 temporum
885 2221 1066 2259 retardatur,

238 2259 330 2299 atque
351 2260 421 2291 ideo
444 2263 513 2302 (per
530 2263 610 2292 Mot.
631 2262 711 2303 Leg.
727 2267 755 2293 2.
776 2263 824 2293 vel
844 2274 899 2302 per
913 2269 976 2302 not,
997 2264 1066 2304 18.)

238 2308 275 2331 ut
283 2301 477 2334 decrementa
491 2304 697 2342 velocitatum,
719 2304 752 2335 id
767 2311 822 2342 est,
838 2312 874 2336 ut
887 2306 1067 2347 rectanguln

241 2343 274 2373 D
290 2344 320 2379 k,
338 2345 368 2374 K
379 2345 400 2381 l,
414 2345 442 2375 L
453 2356 495 2382 m,
509 2348 546 2377 M
559 2357 590 2383 n,
600 2348 670 2384 δια,
680 2353 711 2377 et
720 2347 880 2387 propterea
896 2350 965 2390 (per
975 2349 1066 2378 Lem.

240 2385 269 2416 1.
290 2387 358 2417 Lib.
375 2387 444 2428 11.)
458 2389 490 2418 in
506 2391 716 2429 progressione
723 2390 919 2430 geometrica.
961 2389 1067 2427 Quare

238 2428 263 2458 si
278 2435 367 2459 rectae
384 2430 418 2460 K
433 2431 464 2467 k,
483 2431 511 2461 L
524 2431 543 2465 1.
559 2432 597 2466 M
606 2441 648 2467 m,
667 2432 700 2462 N
711 2442 743 2469 n,
758 2432 821 2468 δια,
837 2443 890 2463 oc-

239 2478 362 2502 currant
383 2473 557 2512 hyperbolae
579 2474 613 2503 in
637 2483 667 2514 q,
690 2484 715 2510 r,
737 2485 762 2511 s,
784 2480 807 2511 t,
829 2475 888 2506 διο.
939 2477 971 2512 L

239 2520 330 2543 erunt
343 2524 422 2545 areae
436 2516 468 2545 D
484 2515 582 2556 qu,
599 2515 676 2556 qu
687 2516 726 2552 L,
745 2517 773 2547 L
784 2526 826 2547 rs
839 2518 888 2555 M,

241 2554 281 2584 M
296 2566 311 2584 s
325 2562 337 2586 t
354 2557 395 2594 N,
417 2558 473 2588 &c.
499 2558 640 2599 aequales,
666 2557 796 2599 ideoque
820 2565 890 2590 tum

240 2599 436 2636 temporibus,
443 2606 512 2630 tum
522 2600 636 2632 viribus
644 2601 798 2642 gravitatis
808 2611 888 2633 sem·
916 2617 919 2620 >

242 2649 298 2679 per
311 2642 479 2680 aequalibus
493 2642 640 2684 analogae.

285 2682 432 2723 Erigatur
448 2685 481 2714 in
495 2685 598 2716 medio
612 2685 704 2726 partis
720 2687 753 2718 D
770 2687 803 2717 K
818 2697 888 2727 per-

241 2724 445 2763 pendicularis
467 2738 564 2768 usque
584 2727 624 2759 nd
646 2728 675 2759 E
694 2729 733 2767 B,
749 2729 806 2760 erit
819 2740 888 2760 aree

243 2766 578 2807 DGqKadaream
605 2770 748 2812 GEkq
768 2779 888 2811 utpars

239 2811 888 2898 3¹53„53‘3303ff;¹¹321‡{0m²⁶12¹ffi2⁰¹32

239 2903 300 2933 que
314 2894 353 2924 ad
370 2894 398 2924 E
418 2895 454 2929 B,
478 2895 531 2926 sed
558 2899 626 2939 (per
642 2898 752 2929 Theor.
769 2899 830 2929 IV.
848 2899 887 2929 de
923 2902 961 2941 Α.

243 2936 451 2977 Hyperbola,)
476 2948 512 2968 ea
531 2939 670 2971 ordinata
683 2940 723 2971 ad
736 2942 887 2982 hyperbo-

240 2977 303 3007 lam
318 2985 363 3009 est
377 2978 415 3009 ad
433 2980 464 3010 A
483 2981 511 3010 B
534 2981 596 3011 sive
610 2982 649 3013 ad
663 2989 759 3014 totam
774 2980 1066 3024 perpendicularem,

241 3025 276 3050 ut
295 3020 323 3050 A
341 3022 366 3051 C
389 3021 428 3052 ad
450 3023 515 3064 ejus
530 3023 676 3054 ordinatae
690 3026 861 3061 abscissam.
876 3026 1006 3068 ideoque
1021 3028 1067 3059 di-

241 3062 382 3100 videndo,
403 3070 450 3095 est
464 3075 500 3096 ea
513 3065 652 3097 ordinata
666 3067 705 3098 ad
719 3068 978 3109 perpendicularis
998 3081 1080 3111 pan,

1112 1924 1154 1956 ta,
1180 1920 1368 1959 temporibus
1401 1921 1432 1950 A
1456 1920 1503 1957 H,
1531 1921 1562 1950 A
1588 1921 1631 1958 K,
1657 1922 1706 1952 vel
1732 1923 1761 1953 L
1781 1923 1816 1958 Ρ,
1845 1923 1873 1953 L
1899 1923 1941 1959 Q.

1114 1961 1223 1992 Ducta
1247 1961 1397 1998 ordinatii,
1424 1963 1444 1992 h
1460 1972 1484 1999 s,
1509 1963 1596 1994 alteri
1622 1964 1657 1994 H
1675 1965 1706 2002 S,
1730 1963 1849 1995 infinite
1869 1975 1940 2004 pro-

1111 2003 1237 2044 pinqua,
1259 2005 1393 2043 spatium
1414 2005 1572 2036 velocitate
1587 2007 1734 2037 uniformi
1751 2008 1782 2038 A
1799 2007 1838 2044 L,
1861 2013 1939 2038 tem-

1111 2047 1241 2085 pusculo
1265 2048 1287 2076 h
1305 2047 1339 2077 H
1362 2047 1548 2086 descriptum
1562 2048 1593 2078 in
1609 2059 1716 2086 vacuo,
1740 2049 1849 2080 eritad
1870 2060 1938 2089 spa-

1112 2088 1191 2119 tium
1206 2089 1316 2119 eodem
1330 2096 1467 2129 tempore
1488 2100 1562 2120 cum
1583 2091 1740 2123 velocitate
1756 2092 1791 2122 H
1810 2092 1842 2129 S,
1864 2102 1939 2122 con-

1111 2130 1227 2161 fectum
1241 2131 1274 2161 in
1283 2131 1385 2162 medio
1401 2132 1568 2169 resistente,
1584 2139 1620 2163 ut
1633 2135 1849 2175 rectangulum
1862 2134 1897 2164 H
1910 2135 1939 2165 P

1114 2177 1148 2209 ><
1165 2173 1200 2203 H
1212 2174 1240 2208 h,
1258 2173 1297 2203 ad
1311 2174 1526 2214 rectangulum
1544 2175 1566 2205 S
1579 2175 1614 2205 H
1629 2180 1662 2213 χ
1678 2177 1712 2207 H
1727 2177 1758 2213 h,
1773 2187 1829 2207 seu
1836 2186 1939 2207 aream

1112 2215 1148 2245 H
1167 2216 1188 2246 S
1202 2226 1217 2246 s
1230 2216 1252 2245 h
1275 2217 1347 2258 (12)
1370 2223 1401 2247 et
1413 2215 1484 2247 ideo
1498 2216 1524 2246 si
1537 2222 1638 2248 totum
1653 2225 1775 2258 tempus
1799 2221 1829 2250 A
1846 2219 1882 2250 H
1903 2218 1936 2248 in

1109 2257 1274 2295 particulas
1300 2258 1476 2289 innumeras
1500 2265 1536 2290 ut
1559 2260 1581 2289 h
1600 2260 1633 2290 H
1657 2260 1789 2291 divisum
1809 2260 1858 2297 sit,
1880 2261 1939 2292 erit

1110 2299 1244 2338 spatium
1266 2310 1339 2331 cum
1362 2301 1520 2332 velocitate
1536 2302 1568 2332 A
1585 2302 1622 2336 L,
1644 2302 1678 2332 in
1693 2312 1790 2333 vacuo
1803 2302 1936 2342 descrip-

1108 2347 1177 2371 tum
1205 2347 1270 2373 toto
1297 2349 1434 2381 tempore
1464 2345 1495 2373 A
1520 2343 1566 2380 H,
1595 2343 1634 2374 ad
1666 2345 1799 2384 spatium
1827 2345 1936 2376 eodem

1109 2390 1247 2425 tempore
1267 2394 1449 2425 percursum
1463 2385 1496 2415 in
1510 2384 1613 2417 medio
1633 2387 1791 2419 resistente
1813 2393 1846 2419 ut
1869 2397 1936 2419 rec-

1473 2484 1512 2517 ί).

1110 2989 1274 3027 tangulum
1288 2988 1315 3018 A
1326 2988 1398 3018 Pad
1407 2998 1507 3019 aream
1516 2989 1761 3031 logarithmicam
1774 2990 1803 3021 A
1811 2990 1839 3021 L
1848 2991 1871 3021 S
1879 2990 1932 3028 H;

1109 3029 1163 3059 sed
1186 3039 1255 3060 area
1275 3030 1302 3060 A
1316 3030 1344 3060 L
1361 3031 1383 3061 S
1400 3030 1444 3067 H,
1471 3032 1596 3072 aequulis
1609 3038 1655 3062 est
1669 3032 1847 3073 rectangulo
1861 3034 1935 3062 sub-

1110 3072 1263 3112 tangentis
1278 3072 1497 3113 logaritlnnicoe
1513 3075 1544 3103 in
1577 3074 1605 3104 P
1620 3075 1652 3112 S,
1680 3074 1752 3116 (39)
1773 3081 1804 3106 et
1819 3073 1888 3106 ideo
1907 3074 1946 3113 si,
