2066 3548
119 251 269 295 Lam-12
290 250 509 302 smum]
552 230 1401 291 PRINCIPIA'MATHEMATICA.
1749 250 1834 288 259

115 363 263 421 pagati
291 361 463 417 concipe
481 375 559 416 per
578 359 827 402 successivas
852 358 1194 400 condensationes
1215 365 1257 400 et
1282 357 1576 399 rarefactiones
1601 357 1741 408 medii,
1774 358 1834 399 sic

115 442 165 476 ut
181 433 326 490 pulsus
347 433 544 488 cujusque
563 446 660 487 pars
689 430 934 472 densissima
960 429 1206 485 sphaericam
1232 437 1407 485 occupet
1434 428 1697 484 superficiem
1725 427 1835 471 circa

117 511 304 547 centrum
331 504 373 545 A
399 501 662 558 descriptam,
696 508 738 542 et
766 501 875 542 inter
904 500 1049 556 pulsus
1084 500 1336 543 successivos
1369 499 1544 557 aequalia
1573 500 1833 542 intercedant

104 1683 333 1727 intervalla.
394 1686 629 1743 Designent
648 1693 786 1727 autem
806 1685 927 1726 lineae
947 1684 976 1725 d
996 1699 1032 1734 e,
1055 1683 1130 1741 fg,
1152 1683 1182 1724 h
1202 1683 1230 1734 i,
1251 1683 1281 1724 k
1300 1682 1329 1733 l,
1351 1683 1426 1724 &c.
1449 1682 1713 1724 densissimas
1733 1682 1827 1736 pul-

105 1770 227 1797 suum
261 1764 415 1812 parteS,
447 1772 524 1813 per
555 1757 743 1799 foramen
779 1757 817 1798 B
847 1756 884 1798 C
916 1763 1180 1812 propagatas
1242 1754 1298 1796 Et
1330 1753 1527 1810 quoniam
1559 1752 1742 1793 medium
1769 1752 1827 1792 ibi

105 1826 272 1869 densius
292 1836 354 1870 est
371 1843 498 1885 quam
516 1828 562 1870 in
581 1829 724 1884 spatiis
745 1827 843 1869 hinc
862 1827 960 1869 inde
979 1841 1120 1869 versus
1144 1826 1187 1868 K
1209 1826 1247 1868 L
1267 1834 1310 1867 et
1331 1825 1374 1867 N
1391 1825 1447 1876 O,
1472 1825 1521 1881 (Ε)
1536 1824 1725 1866 dilatabit
1737 1839 1827 1866 sese

102 1938 342 1987 nun-propulsae
356 1946 429 1971 eant
442 1946 474 1971 et
487 1940 723 1976 condensantur,
747 1946 778 1972 et
792 1940 847 1971 ubi
868 1945 942 1971 sunt

983 1939 1137 1974 dilatatur.
1163 1946 1195 1970 et
1215 1939 1382 1979 particulas
1402 1950 1430 1977 a,
1453 1940 1484 1976 b,
1499 1950 1534 1977 Ac,
1558 1940 1616 1971 διο.
1640 1939 1673 1969 in
1694 1939 1825 1979 pristina

104 1979 293 2011 densissimae
306 1982 485 2020 sphaericam
494 1983 689 2023 superficiem
703 1982 785 2014 circa
799 1989 941 2014 centrum

983 1983 1052 2014 loca
1066 1981 1234 2014 successive
1256 1981 1384 2022 repellit,
1409 1982 1485 2013 dum
1507 1981 1626 2013 interea
1645 1982 1716 2012 aliae
1730 1983 1826 2022 parti-

106 2023 140 2052 A
168 2021 351 2062 descriptam
379 2034 530 2063 occupare
558 2025 782 2065 intelligantur,
811 2032 882 2056 tum
911 2025 941 2055 vi

104 2062 233 2095 clastica
242 2065 386 2096 rareflant
399 2072 431 2097 et
444 2066 624 2097 dilatatione
638 2066 696 2097 sua
710 2068 822 2106 partim
836 2077 942 2097 versus

104 2113 247 2139 mnu-um
264 2108 296 2139 A
310 2107 446 2147 redeant,
462 2109 574 2149 partim
588 2119 607 2139 a
621 2115 727 2141 centro
737 2109 792 2140 illo
802 2119 941 2150 quaqua-

352 2194 891 2250 abcdefg

102 2368 226 2390 versum
246 2359 391 2392 recedant
415 2366 447 2392 et
470 2367 572 2400 partes
597 2361 711 2392 vicinas
734 2361 936 2401 propulsent;

102 2400 148 2432 ita
167 2407 204 2432 ut
222 2402 458 2439 condensentur,
483 2410 576 2444 atque
597 2403 642 2434 ita
664 2405 841 2435 successivis
862 2414 937 2435 con-

103 2442 334 2476 densationibus
362 2453 394 2477 et
422 2446 652 2477 dilatationibus
680 2447 815 2487 agitetur
834 2453 936 2478 totum

102 2486 252 2517 medium·
300 2488 383 2524 Quae
397 2495 434 2519 ut
447 2488 561 2519 clarius
575 2489 798 2530 intelligantur,
815 2496 938 2520 motum

90 2529 325 2568 'particularum
339 2531 416 2562 a‘eris
429 2531 463 2562 in
478 2541 543 2562 uno
563 2532 717 2571 praedictae
739 2533 867 2571 sphaerae
887 2542 937 2563 ra-

103 2570 156 2601 dio
176 2573 430 2612 contemplemur.
477 2573 546 2605 Sint
559 2584 587 2611 a,
602 2576 632 2611 b,
648 2585 675 2612 c,
691 2574 723 2611 d,
739 2576 795 2605 &c-
821 2581 937 2614 puncta

102 2613 229 2653 physica
242 2615 337 2646 medii
357 2616 542 2657 quiescentis
555 2617 589 2647 in
602 2616 686 2648 recta
700 2628 720 2647 a
733 2628 762 2658 q,
779 2617 819 2647 ad
833 2627 936 2657 aequa-

102 2655 149 2686 les
173 2657 212 2686 ab
230 2655 363 2688 invicem
385 2659 544 2690 distantias
565 2660 632 2690 sita.
682 2660 841 2690 Punctum
856 2669 884 2696 a,
906 2659 937 2689 vi

102 2697 243 2747 qualibet
255 2700 465 2732 acceleratrice
478 2708 636 2743 urgeatur,
652 2701 824 2733 secundum
839 2701 937 2732 direc-

103 2746 231 2776 tionem,
248 2751 268 2772 a
280 2752 310 2781 q,
325 2747 357 2773 et
369 2744 481 2775 deinde
501 2751 637 2775 cessante
651 2745 697 2775 vis
711 2744 793 2774 illius
807 2744 936 2782 actione,

104 2793 160 2823 per
173 2783 360 2815 celeritatem
373 2787 551 2827 acquisitam
573 2793 743 2817 moveatur.
792 2787 867 2817 Non
882 2797 937 2826 po-

103 2825 175 2856 terit
189 2824 232 2856 ita
245 2827 361 2857 moveri
375 2829 525 2866 particula
538 2840 566 2867 a,
589 2829 666 2870 quin
687 2829 856 2859 successive
869 2839 937 2859 mo-

54 2889 60 2896 .
103 2874 233 2898 veantur
243 2869 401 2907 particulae
414 2870 483 2901 aliae
495 2874 526 2909 b,
542 2882 566 2906 c,
584 2872 615 2908 d,
631 2883 659 2908 e,
674 2873 731 2902 διο.
750 2877 780 2902 et
788 2871 862 2912 quia
871 2882 938 2902 me-

105 2910 194 2940 dium
216 2911 375 2942 elasticum
397 2913 431 2942 in
451 2913 618 2945 intervallis
632 2916 652 2944 b
667 2924 693 2951 c,
710 2924 728 2944 c
742 2913 772 2949 d,
792 2914 813 2944 d
827 2924 854 2949 e,
877 2915 933 2945 &c-

103 2952 256 2993 gradatim
272 2954 477 2986 condensatur
491 2963 522 2987 et
536 2957 600 2986 vim
614 2956 771 2987 elasticam
791 2957 939 2997 majorem

102 2995 233 3035 acquirit
255 2996 317 3036 qua
339 2996 478 3028 celeritas
501 2999 659 3037 particulae
684 3010 713 3035 a,
741 2999 798 3028 sibi
825 2998 939 3029 relictae

103 3037 252 3068 continuo
271 3039 424 3070 minuitur
438 3050 474 3070 ac
488 3041 612 3072 tandem
633 3051 757 3081 prorsus
779 3041 935 3082 extingui-

983 2025 1064 2056 culae
1078 2032 1114 2056 ut
1134 2035 1165 2066 g,
1188 2026 1221 2062 h,
1243 2025 1300 2055 διο.
1319 2035 1424 2055 versus
1438 2035 1459 2065 q
1473 2025 1736 2065 progrediuntur3
1758 2035 1824 2066 quo

982 2074 1071 2098 motu
1095 2067 1235 2097 medium
1256 2077 1364 2097 rursus
1384 2067 1592 2097 condensatur
1611 2076 1718 2097 versus
1738 2077 1769 2108 q,
1794 2072 1828 2098 et

983 2109 1096 2140 deinde
1120 2108 1266 2150 utrinque
1294 2109 1450 2146 dilatatur,
1479 2107 1574 2150 atque
1601 2108 1646 2139 ita
1674 2109 1822 2149 deinceps

948 2192 1476 2248 hklmnpq

979 2361 1090 2401 pulsus
1103 2370 1158 2400 per
1172 2359 1359 2391 successivas
1373 2358 1630 2391 condensationes
1644 2364 1675 2390 et
1690 2359 1823 2391 rarefac.

981 2404 1081 2434 tiones
1095 2402 1190 2433 medii
1206 2409 1425 2444 propagantur.
1473 2405 1491 2422 ‘
1513 2402 1594 2432 Haec
1615 2402 1765 2442 pulsuum
1786 2402 1822 2433 in

979 2446 1084 2476 medio
1119 2445 1243 2476 elastico
1278 2445 1458 2487 genitorum
1489 2443 1611 2481 natura,
1648 2444 1688 2475 ad
1724 2444 1820 2484 Prop-

982 2488 1133 2519 XLVII.
1142 2488 1242 2518 fusius
1256 2487 1457 2527 expendetur,
1473 2487 1528 2518 sed
1543 2487 1603 2518 isto
1617 2486 1651 2517 in
1666 2488 1735 2517 loco
1750 2488 1818 2518 haec

980 2531 1122 2562 sufficere
1138 2530 1290 2561 videntur.

1023 2574 1069 2615 (ε)
1088 2575 1105 2593 *
1123 2575 1275 2604 Dilatabie
1289 2584 1351 2605 sese
1364 2579 1429 2604 tam
1443 2583 1556 2607 versus,
1573 2572 1629 2602 &c-
1678 2572 1742 2602 Per
1755 2571 1817 2602 vim

979 2615 1134 2647 elasticam
1149 2626 1219 2657 quae
1234 2617 1263 2646 vi
1278 2615 1493 2655 comprimenti
1516 2613 1579 2656 qua
1599 2622 1701 2653 partes
1723 2614 1820 2645 medii

979 2659 1216 2695 condensantur,
1233 2658 1360 2700 aequalis
1375 2665 1430 2696 est,
1448 2665 1478 2688 et
1493 2657 1527 2687 in
1541 2667 1667 2687 omnem
1682 2657 1741 2688 loci
1756 2657 1817 2687 cir-

980 2701 1220 2732 cumferentiam
1235 2701 1309 2742 agit.
1812 2719 1816 2722 -

1024 2746 1108 2776 295.”
1132 2744 1243 2774 Motus
1258 2743 1409 2783 pulsuum
1424 2743 1456 2772 in
1472 2741 1575 2772 medio
1591 2741 1716 2772 elastico
1730 2751 1818 2781 spee-

980 2788 1039 2817 tari
1059 2792 1159 2826 potest
1173 2791 1210 2816 ut
1223 2786 1374 2827 analogus
1395 2795 1468 2815 cum
1491 2791 1579 2814 motu
1605 2785 1763 2814 undarum
1783 2783 1819 2814 in

980 2829 1143 2870 superficie
1152 2839 1240 2869 aquae
1249 2828 1419 2869 stagnantis
1427 2839 1437 2866 ;
1454 2837 1527 2856 nam
1538 2827 1738 2857 condensatio
1747 2837 1817 2866 par-

980 2872 1060 2902 tium
1075 2871 1171 2902 medii
1185 2870 1303 2901 elastici
1317 2870 1422 2900 locum
1437 2874 1521 2899 tenet
1529 2869 1709 2899 elevationis
1722 2879 1818 2910 aqua-

980 2925 1059 2950 rum,
1076 2914 1121 2944 vis
1135 2913 1258 2944 elastica
1272 2912 1367 2943 medii
1383 2912 1486 2942 locum
1503 2912 1659 2952 gravitatis
1671 2922 1770 2953 aquae,
1786 2917 1818 2943 et

981 2967 1051 2996 pars
1059 2957 1209 2996 pulsuum
1220 2955 1400 2986 densissima
1410 2954 1488 2994 parti
1498 2954 1652 2984 undarum
1662 2953 1817 2986 altissimae

982 2998 1206 3038 correspondet.
1257 2996 1351 3028 Unde
1379 2997 1412 3027 in
1439 3006 1571 3038 utroque
1593 3002 1692 3033 motu,
1721 2997 1817 3027 medii

981 3041 1142 3081 particulae
1164 3051 1218 3080 per
1240 3040 1342 3070 brevia
1356 3040 1455 3078 spatia
1468 3045 1545 3070 eunt
1559 3045 1589 3070 et
1603 3039 1744 3076 redeunt,
1767 3039 1817 3071 in-

102 3086 173 3117 tur;
204 3087 273 3111 tum
301 3079 373 3112 vero
401 3081 540 3117 medium
567 3084 791 3114 condensatum
819 3084 850 3113 vi
879 3083 936 3115 sua
977 3084 1137 3115 terendum
1153 3083 1262 3122 pulsus
1282 3082 1331 3112 vel
1353 3081 1439 3112 unda
1459 3087 1656 3130 propagatur.
1670 3081 1762 3123 (294)
1785 3089 1817 3114 et

102 3122 224 3154 clasticfi
248 3123 392 3165 utrinque
411 3130 476 3156 tam
496 3134 602 3157 versus
622 3136 651 3164 a,
675 3136 769 3167 quarn
790 3136 894 3156 versus
914 3136 935 3167 q

979 3127 1088 3157 eodem
1103 3126 1197 3157 modo
1211 3135 1274 3166 quo
1291 3126 1370 3168 (293
1385 3124 1542 3155 undarum
1553 3123 1749 3155 reflexionem
1762 3134 1816 3153 ex*-

925 3186 994 3216 R2
