2066 3548
173 238 321 280 Limen
334 236 553 287 Stemma]
597 234 916 278 PRINCIPIA
950 232 1443 278 MATHEMATICA.
1807 242 1887 280 1‘35

173 351 248 393 Sin
278 348 428 404 corpus
449 364 474 390 a
492 349 534 389 vi
552 348 622 390 ills
652 355 850 406 urgeatur-
876 346 1019 397 levius,
1052 346 1288 393 differentia
1314 345 1466 387 virium
1494 360 1574 401 pro
1595 348 1636 388 vi
1656 349 1886 406 centrifugfi

166 421 311 463 haberi
331 420 467 462 debet.

175 510 179 515 ⁴
225 495 357 536 Corol.
380 499 419 535 9.
482 491 591 535 Cum
611 500 750 534 autem
782 492 911 533 fluida
938 491 1168 547 premendo
1202 506 1379 547 corpora
1407 492 1568 534 inclusa
1598 507 1684 533 non
1724 501 1886 536 mutent

164 579 310 607 eorum
340 564 496 621 figuras
531 571 737 613 externas,
777 571 894 619 patet
926 563 1097 617 insuper
1129 565 1222 618 (per
1256 563 1536 604 Corollarium
1572 563 1701 619 Prop.
1719 563 1883 616 XIX.)

163 636 277 692 quod
296 649 383 676 non
401 634 622 676 mutabunt
650 634 775 675 situm
802 634 985 692 partium
1012 635 1271 675 internarum
1299 634 1408 676 inter
1437 651 1505 676 se:
1540 636 1815 692 proindeque,
1848 639 1883 677 si

162 708 355 750 animalia
379 707 691 763 immergantur,
728 714 771 748 et
800 707 978 749 sensatio
1007 707 1142 748 omnis
1172 723 1198 748 a
1225 715 1342 748 motu
1370 708 1554 762 partium
1583 710 1764 760 oriatur;
1799 724 1879 751 nec

160 782 315 823 laedent
334 796 511 836 corpora
529 781 736 832 immersa,
758 796 837 822 nec
857 781 1132 822 sensationem
1146 780 1279 821 ‘ullam
1299 781 1555 832 excitabunt,
1576 782 1657 825 nisi
1676 781 1880 838 quatenus

159 853 252 895 haec
272 867 449 908 corpora
467 867 493 894 a
512 852 819 907 compressione
849 852 1094 894 condensari
1113 860 1298 907 possunt.
1327 875 1331 879 <
1362 852 1420 893 Et
1437 867 1516 907 par
1535 861 1598 894 est
1616 853 1723 894 ratio
1744 854 1879 909 cujus·

159 938 323 981 cunque
344 938 568 979 corporum
588 923 822 980 systematis
839 923 970 964 fluido
1000 923 1299 978 comprimente
1330 923 1573 964 circundati.
1636 925 1878 980 Systematis

157 1005 296 1052 partes
316 1010 459 1038 omnes
478 995 627 1037 iisdem
647 995 913 1052 agitabuntur
941 994 1136 1045 motibus,
1169 1009 1218 1035 ac
1238 994 1273 1035 si
1291 994 1336 1034 in
1355 1009 1486 1035 vacuo
1516 995 1875 1047 constituerentur,

158 1082 207 1109 ac
228 1068 359 1109 solam
376 1068 602 1109 retinerent
620 1066 866 1123 gravitatem
885 1081 1002 1108 suam
1023 1066 1358 1121 comparativam,
1379 1066 1460 1107 nisi
1475 1066 1680 1122 quatenus
1699 1068 1875 1110 fluidum

128 1135 129 1140 ¹
158 1139 223 1181 vel
242 1139 421 1180 motibus
442 1152 585 1180 earum
603 1137 795 1179 nonnihil
822 1137 996 1188 resistat,
1026 1137 1093 1179 vel
1113 1137 1167 1180 ad
1187 1137 1354 1180 easdem
1375 1138 1682 1194 compressione
1702 1140 1878 1197 conglu-

162 1210 353 1252 tinandas
373 1209 618 1266 requiratur.

451 1359 830 1402 PROPOSITIO
861 1358 994 1400 XXI.
1054 1357 1417 1400 THEOREMA
1453 1358 1578 1400 XVI.
1602 1394 1611 1396 s

155 1480 356 1536 Sitfluidi
382 1479 580 1534 cujusdam
610 1481 786 1519 densitas
814 1477 1092 1531 compressioni
1112 1472 1447 1529 proportionalis,
1473 1482 1512 1515 et
1523 1480 1666 1528 partes
1686 1474 1765 1528 ejus
1785 1491 1812 1515 a
1832 1477 1876 1517 vi

212 1551 431 1606 centripetci
452 1552 658 1593 distantiis
676 1552 756 1592 suis
775 1566 803 1591 a
822 1557 956 1591 centro
967 1547 1166 1603 reciproci
1176 1550 1484 1602 proportionali
1502 1550 1681 1590 deorsum
1702 1550 1871 1590 trahan-

209 1630 276 1664 tur
291 1643 304 1664 .·
335 1625 423 1664 dico
443 1625 559 1677 quod,
590 1624 627 1664 si
647 1623 853 1663 distantiae
874 1622 957 1662 illae
976 1626 1182 1661 sumantur
1201 1616 1386 1659 continue*
1403 1620 1742 1672 proportionales,
1775 1621 1871 1660 den-

209 1697 346 1738 sitates
348 1697 483 1752 fluidi
503 1697 547 1736 in
567 1696 705 1736 iisdem
725 1693 932 1735 distantiis
951 1698 1068 1733 erunt
1088 1691 1208 1732 etiam
1228 1686 1412 1731 continue?
1422 1690 1761 1744 proportionales.

209 1826 415 1883 Designet
431 1825 472 1866 A
485 1825 527 1866 T
540 1824 581 1865 V
592 1823 767 1865 fundum
783 1822 1032 1878 sphaericum
1044 1822 1110 1863 cui
1121 1820 1294 1862 fluidum

151 1897 363 1961 incumpit,
389 1899 419 1940 S
439 1905 640 1947 centrum,
666 1897 696 1938 S
718 1896 771 1947 A,
801 1896 830 1936 S
852 1896 903 1946 B,
929 1896 959 1937 S
981 1895 1031 1944 C,
1057 1895 1087 1936 S
1103 1894 1162 1944 D,
1188 1895 1217 1935 S
1240 1893 1294 1942 E,

155 1970 186 2010 S
222 1969 270 2019 F,
318 1970 397 2012 Ele.
447 1969 660 2011 distantias
709 1966 904 2009 continue
946 1964 1290 2020 proportionales.

157 2039 384 2095 Erigantur
414 2038 710 2094 perpendicula
740 2038 866 2088 AH,
901 2038 939 2079 Β
965 2038 1000 2087 Ι,
1035 2037 1072 2078 C
1096 2036 1150 2086 K,
1175 2037 1218 2076 D
1240 2036 1292 2086 L,

155 2109 194 2152 E
216 2109 280 2160 M,
305 2111 341 2152 F
362 2111 418 2161 N,
451 2112 525 2153 &a
557 2125 650 2167 quae
672 2110 754 2152 sint
771 2118 819 2151 ut
840 2108 1062 2149 densitates
1096 2106 1222 2147 medii
1252 2106 1295 2146 in

155 2182 254 2223 locis
275 2183 329 2233 A,
353 2183 405 2234 B,
431 2182 480 2233 C,
503 2183 561 2232 D,
585 2182 636 2231 E,
661 2181 719 2231 F;
751 2181 803 2237 (g)
827 2188 869 2222 et
889 2180 1093 2235 specificae
1114 2178 1294 2236 gravita—

572 2243 574 2246 ¹
761 2253 802 2293 A
824 2251 873 2293 H
932 2251 971 2292 B
994 2251 1015 2292 I
1070 2251 1107 2292 C
1130 2250 1172 2291 K
1217 2276 1279 2317 &c

774 2320 815 2361 A
833 2307 886 2361 δ’
930 2306 1030 2361 ‘ff‘s’
1075 2306 1187 2360 (ΤΞ
1282 2306 1294 2316 ”

151 2286 213 2323 tes
223 2279 269 2320 in
285 2278 433 2320 iisdem
445 2278 546 2320 locis
561 2286 685 2319 erunt
698 2285 745 2320 ut

152 2418 204 2475 (¹¹)
234 2420 314 2472 vel,
346 2419 459 2476 quod
489 2418 664 2476 perinde
684 2426 759 2469 est,
790 2425 838 2459 ut
869 2389 992 2499 ἐξ,
1035 2388 1143 2498 ἑὲ,
1181 2387 1299 2498 (ἑὲ-ξ,

151 2536 228 2577 διο.
289 2535 422 2593 Finge
451 2534 635 2591 primum
669 2534 746 2575 has
779 2531 1002 2591 gravitates
1034 2529 1296 2571 uniformiter

151 2607 381 2649 continuari
401 2607 453 2648 ab
483 2607 526 2648 A
554 2606 609 2648 ad
632 2606 683 2656 B,
707 2621 732 2647 a
752 2605 791 2646 Β
812 2604 867 2645 ad
889 2603 939 2655 C,
961 2617 987 2644 a
1008 2602 1045 2644 C
1060 2602 1114 2643 ad
1130 2602 1188 2652 D,
1211 2602 1287 2644 διο.

150 2677 268 2720 factis
280 2693 354 2733 per
368 2678 523 2736 gradus
539 2677 813 2720 decrementis
833 2676 879 2716 in
897 2674 1064 2730 punctis
1087 2674 1138 2725 B,
1161 2674 1211 2724 C,
1229 2674 1287 2724 D,

194 2793 239 2836 (Β)
258 2796 327 2826 174.
354 2796 400 2827 Et
420 2797 564 2838 symea-ficte
579 2797 751 2835 gravitates,
774 2795 830 2825 &c-
880 2794 986 2825 Fluidi
1027 2795 1068 2825 tis
1092 2794 1289 2825 acceleratrix
1311 2796 1521 2835 conjunctim;
1545 2798 1699 2837 quantitas
1711 2798 1864 2834 veroma-

150 2837 236 2868 enim
258 2837 347 2877 cujus
369 2837 500 2877 singulae
521 2837 679 2877 particulae
703 2838 733 2867 vi
754 2837 912 2878 gravitatis
931 2847 986 2867 ur-
1028 2837 1113 2868 teriae
1130 2840 1175 2879 (2.
1193 2837 1264 2868 Lib.
1280 2838 1321 2876 1.)
1337 2844 1383 2868 est
1396 2844 1432 2868 ut
1446 2838 1581 2869 densitas
1594 2841 1782 2873 etvolumen
1790 2854 1866 2875 con.

150 2885 265 2920 gentur
285 2878 419 2919 gravitas
442 2880 584 2919 specifica
607 2887 652 2910 est
676 2887 713 2911 ut
734 2880 868 2910 densitas
888 2887 920 2910 et
940 2879 986 2910 vis
1024 2880 1170 2921 junctim.
1222 2879 1336 2916 Quare,
1353 2881 1527 2921 conjunctis
1540 2882 1589 2913 his
1602 2883 1781 2923 rationibus,
1793 2898 1864 2928 gra-

151 2921 308 2962 gravitatis
337 2922 532 2952 accelerati-ix
561 2923 764 2963 conjunctim.
813 2922 872 2952 Est
900 2922 986 2952 enim
1028 2922 1106 2953 vitas
1135 2922 1277 2961 specifica
1299 2929 1344 2953 est
1367 2929 1403 2952 ut
1431 2922 1565 2955 densitas
1587 2931 1619 2956 et
1640 2926 1685 2957 vis
1705 2929 1863 2969 gravitatis

150 2964 284 3004 gravitas
307 2963 451 3002 specifica
469 2969 507 2995 ut
527 2965 650 3004 pondus
663 2963 779 2995 directe
793 2970 825 2994 et
838 2964 984 2995 volumen
1028 2965 1223 2996 acceleratrix
1238 2965 1438 3005 conjunctim.
1490 2967 1530 3003 Q,
1548 2979 1575 2998 e.
1593 2968 1624 2998 d.

150 3005 271 3037 inverse
286 3005 400 3048 (17o);
429 3006 484 3037 sed
508 3007 629 3046 pondus
656 3009 725 3049 (per
749 3006 856 3037 Defin.
876 3007 980 3037 VIII.
1073 3008 1120 3048 (²²)
1145 3010 1163 3027 ὅ
1193 3009 1246 3038 Vel
1275 3010 1361 3048 'quod
1378 3010 1508 3048 perinde
1530 3017 1582 3046 est,
1608 3018 1652 3046 ut,
1676 3013 1732 3044 &a
1778 3014 1862 3046 Ctim

154 3048 216 3080 Lib
242 3048 290 3089 I.)
312 3053 359 3079 est
373 3054 408 3080 ut
422 3050 576 3090 quantitas
595 3050 733 3081 mater-iae
748 3055 779 3080 et
793 3049 838 3079 vis
851 3049 984 3091 gravita-
1027 3050 1111 3081 enim
1130 3052 1198 3093 (per
1214 3050 1321 3091 Hyp.)
1336 3050 1490 3085 distantiae
1506 3053 1529 3084 S
1539 3055 1578 3091 A,
1598 3055 1620 3085 S
1631 3055 1669 3092 B,
1689 3056 1712 3087 S
1725 3057 1763 3095 C,
1781 3058 1804 3089 S
1817 3059 1850 3088 D
