2066 3548
202 258 283 294 184
629 220 1082 295 PHILOSOPHIAE
1113 251 1475 297 NATURALIS

1543 253 1695 306 [Mor.
1707 254 1914 301 Com-ou*-

198 363 316 404 vacui
337 377 389 405 ex
410 362 476 404 his
497 362 742 418 dependeat,
776 371 823 404 ut
843 364 1126 418 experimenta
1146 379 1240 406 cum
1260 363 1394 421 globis
1415 372 1456 406 et
1474 364 1663 420 pluribus
1684 373 1726 408 et
1742 367 1918 422 majori·

199 436 277 477 bus
304 442 345 477 et
371 435 505 492 magis
541 435 740 476 accuratis
775 442 1044 477 tentarentur.
1105 435 1150 478 Si
1177 435 1291 492 globi
1318 443 1535 477 sumantur
1565 436 1608 480 in
1641 437 1924 494 proportione⁴

198 505 461 562 geometrica,
497 504 598 560 putzi
628 519 804 560 quorum
835 505 1024 547 diametri
1052 506 1135 547 sint
1163 506 1387 562 digitorum
1408 513 1448 557 4,
1473 514 1512 557 8,
1539 513 1604 558 16,
1628 514 1705 558 323
1741 524 1793 551 ex
1810 523 1919 564 pro-⁷

198 579 408 635 gressione
428 576 807 631 experimentorum
828 577 1044 634 colligetur
1064 577 1164 632 quid
1183 577 1226 618 in
1244 578 1378 634 globis
1399 578 1535 620 adhuc
1564 579 1788 634 majoribus
1814 595 1908 625 eve-

198 648 470 691 nire'debeat.
1809 691 1825 694 ,.
1880 695 1883 697 ,

253 722 348 763 Jam
366 718 465 761 vero
486 717 736 760 conferendo
755 718 1006 760 resistentias
1026 718 1282 760 diversorum
1299 719 1523 762 fluidorum
1543 719 1651 761 inter
1671 735 1728 771 se,
1750 721 1917 772 tentdvj,

199 793 422 849 sequentia.
484 793 639 834 Aream
659 791 837 849 ligneam
857 791 999 846 paravi
1016 791 1274 848 longitudine
1293 792 1449 846 pedum
1469 800 1659 848 quatuor,
1690 792 1906 839 latitudine

198 872 239 905 et
258 863 471 904 altitudine
491 862 608 922 pedis
630 862 762 903 unius.
824 862 951 903 Hanc
970 862 1168 916 operculo
1188 862 1386 903 nudatam
1405 862 1572 917 implevi
1592 862 1698 919 aqua
1718 863 1902 917 fontana,

197 935 356 991 fecique
374 942 421 976 ut
439 935 632 975 immersa
649 933 834 988 pendula
853 933 895 974 in
914 932 1051 974 medio
1072 946 1189 988 aquae
1209 932 1434 973 oscillando
1462 942 1739 976 moverentur.
1801 934 1906 985 Glo-

198 1009 276 1050 bus
311 1016 447 1051 autem
482 1007 701 1062 plumbeus
732 1006 917 1062 pondere
954 1007 1063 1058 1663}
1097 1005 1324 1055 unciarum,
1358 1005 1558 1046 diametro
1594 1005 1647 1057 δὲ
1683 1005 1916 1061 ᾶίςίζοηιιιι,

193 1074 439 1123 mouebatur
457 1087 504 1120 ut
523 1079 567 1119 in
587 1077 727 1119 tabula
749 1084 944 1132 sequente
966 1076 1272 1131 descripsimus,
1296 1076 1498 1118 existente
1518 1076 1709 1118 videlicet
1727 1076 1907 1133 longitu-

197 1150 294 1192 dine
313 1150 485 1205 penduli
505 1165 530 1190 a
548 1155 704 1204 puncto
725 1147 1004 1203 suspensionis
1035 1147 1085 1188 ad
1116 1155 1317 1202 punctum
1336 1146 1546 1203 quoddam
1566 1147 1610 1187 in
1629 1145 1701 1188 filo
1720 1155 1908 1190 notatum

201 1229 280 1265 126
302 1222 539 1279 digitorum,
562 1220 616 1262 ad
637 1220 899 1261 oscillationis
921 1228 1059 1261 autem
1080 1207 1267 1260 centrum
1290 1223 1396 1273 1343
1417 1219 1653 1275 digitorum.

197 1337 326 1378 Arcus
346 1338 527 1377 descensu
548 1336 684 1388 primo
704 1349 730 1374 a
742 1340 893 1387 puncto
915 1335 958 1375 in
969 1335 1054 1388 filo

252 1415 391 1449 notato
410 1409 640 1460 descriptus,
665 1407 882 1461 digitorum

197 1478 325 1519 Arcus
344 1492 505 1519 ascensu
531 1478 669 1518 ulti-mo
690 1478 918 1531 descriptus,
951 1477 1057 1532 digi-

1066 1335 1909 1446 }6432168‘4212}‡

1068 1476 1170 1588 }48
1231 1510 1284 1544 24
1349 1509 1399 1545 12
1459 1509 1486 1544 6
1549 1503 1908 1558 ,31ὲὲῧῇ

235 1558 382 1592 ‚torum

197 1621 370 1662 Arcuum
391 1619 621 1675 differentia
651 1620 774 1660 motui
793 1620 935 1661 amisso
957 1633 1057 1673 pro-

246 1692 505 1746 portionalis,
529 1691 745 1745 digitorum

197 1763 395 1803 Numerus
414 1762 705 1802 oscillationum
725 1761 769 1801 in
790 1775 898 1815 aqua

1070 1618 1172 1730 }16
1261 1653 1285 1688 8
1375 1604 1910 1699 421223115

1315 1760 1369 1812 {a}

1348 1813 1355 1818 ⁴
1460 1765 1511 1816 1}
1551 1766 1574 1801 3
1609 1758 1909 1811 711‡12{133
1972 1771 1973 1774 ¹

1116 1837 1196 1887 85³,
1239 1838 1322 1878 287
1368 1838 1448 1875 535
1538 1839 1542 1842 ·

198 1836 396 1878 Numerus
416 1838 708 1877 oscillationum
729 1837 772 1877 in
792 1839 887 1876 αένε

257 1951 307 1991 In
329 1950 612 2004 experimento
633 1949 837 1990 colurnnae
859 1955 1029 2004 quartae,
1060 1954 1197 1988 motus
1218 1946 1397 2002 aequales
1418 1945 1739 1987 oscillationibus
1761 1948 1849 1987 535·
1865 1943 1909 1984 in

199 2025 305 2072 a'ere,
329 2031 369 2063 et
393 2025 443 2077 1}
463 2023 504 2062 in
526 2021 632 2078 aqua
653 2022 791 2062 amissi
811 2029 919 2062 sunt.
984 2021 1117 2062 Erant
1136 2019 1301 2074 quidem
1322 2018 1595 2060 oscillationes
1616 2017 1659 2058 in
1679 2019 1772 2058 ae're
1784 2014 1910 2071 paulo

199 2092 413 2134 celeriores
430 2091 554 2147 quam
573 2093 618 2132 in
637 2091 755 2148 aqua.
816 2092 875 2133 At
895 2092 929 2133 si
949 2091 1222 2132 oscillationes
1243 2091 1286 2131 in
1306 2089 1411 2146 aqua
1433 2090 1477 2131 in
1497 2089 1545 2131 efi
1566 2089 1724 2131 ratione
1753 2087 1910 2131 accele-

199 2171 389 2204 rarentur
423 2172 470 2204 ut
500 2170 636 2203 motus
669 2162 946 2217 pendulorum
981 2163 1025 2203 in
1058 2163 1198 2204 medio
1229 2170 1406 2218 utroque
1439 2162 1586 2203 fierent
1624 2160 1908 2217 aequivelooes,

199 2242 384 2282 maneret
402 2249 599 2275 numerus
619 2234 730 2275 idem
750 2234 1049 2275 oscillationum
1073 2236 1124 2288 13}
1143 2234 1187 2274 in
1207 2233 1326 2290 aqua,
1350 2233 1499 2290 quibus
1520 2231 1571 2288 (¹²)
1588 2240 1723 2274 motus
1735 2232 1847 2275 idem
1859 2246 1909 2273 ao

201 2364 317 2405 trifuga
341 2363 537 2397 infinitesima
562 2363 611 2398 sit,
635 2364 660 2394 si
683 2374 755 2394 cum
780 2364 811 2394 vi
837 2362 899 2404 qua
924 2374 1035 2403 corpus
1077 2374 1150 2394 vero
1163 2374 1238 2401 non,
1264 2363 1308 2394 ita
1321 2369 1357 2394 ut
1371 2363 1510 2403 quamvis
1530 2363 1569 2393 ab
1589 2361 1908 2393 oecurrentemnteria

201 2407 334 2445 spatium
349 2406 474 2436 finitum
488 2412 625 2446 tempore
638 2405 761 2437 infinito
783 2406 934 2443 describit,
957 2416 1031 2437 con-
1081 2406 1282 2443 dimoveatur,
1313 2406 1390 2436 nihil
1413 2405 1501 2436 tollat
1525 2404 1565 2435 de
1586 2405 1653 2445 ejus
1674 2410 1781 2442 ιιιοιιις
1811 2403 1908 2436 simul

201 2449 325 2479 feratur.
1078 2455 1184 2479 autem
1198 2448 1342 2478 statuitur
1356 2448 1440 2488 quod
1450 2447 1484 2478 id
1497 2448 1592 2478 aether
1605 2455 1767 2486 corporum
1784 2452 1907 2478 motum

245 2493 263 2511 *
282 2491 328 2521 Et
340 2489 465 2531 quidem
481 2490 650 2521 resistentia
671 2501 709 2522 ex
731 2492 879 2532 gravitate
896 2491 1031 2522 materiae
1074 2491 1177 2521 sistere
1191 2496 1290 2529 potest
1303 2495 1357 2521 aut
1370 2496 1490 2521 mutare
1510 2489 1808 2530 quomodocumque,
1831 2498 1905 2520 nem

201 2534 388 2564 occurrentis
403 2543 465 2563 non
480 2534 602 2572 pendet,
626 2533 680 2564 sed
695 2544 732 2564 ex
748 2535 814 2574 ejus
828 2532 948 2570 inertia,
971 2533 1033 2573 qua

202 2576 237 2606 fit
263 2582 296 2606 ut
320 2575 446 2605 nullum
471 2585 581 2614 corpus
602 2577 641 2606 ab
662 2576 723 2606 alio
744 2583 866 2606 motum
891 2576 1035 2615 suscipiat

202 2618 276 2657 quin
306 2617 499 2648 tantumdem
522 2623 625 2647 motus
648 2618 680 2647 in
708 2628 745 2648 eo
773 2618 917 2653 destruat,
942 2618 1036 2658 idque

202 2660 376 2693 mechanici
395 2659 601 2690 communiter
623 2666 763 2691 statuunt
777 2666 840 2691 tam
855 2670 892 2690 ex
907 2670 1035 2691 consen-

203 2713 238 2731 su
254 2703 394 2732 omnium
404 2710 672 2742 quorumcumque
681 2703 966 2741 phaenomenorum,
980 2702 1035 2733 ubi

205 2744 336 2784 (semota
350 2745 506 2785 gravitatis
528 2745 782 2784 consideratione)
805 2745 912 2776 nullus
933 2752 1036 2775 motus

203 2794 322 2817 motum
348 2787 547 2826 producendo
569 2796 632 2817 non
653 2787 854 2829 cpnsumitur‚
881 2797 975 2827 quam
998 2798 1035 2817 ex

203 2829 357 2868 principiis
373 2829 588 2869 metaphysicis
603 2828 669 2870 qud
669 2821 776 2870 liquet
789 2829 873 2870 quod
887 2830 912 2859 si
924 2840 974 2860 res
995 2830 1037 2860 ita

204 2879 234 2899 se
258 2882 320 2901 non
343 2873 477 2908 haberet,
506 2872 554 2901 vel
580 2872 727 2902 minimus
752 2879 854 2902 motus
877 2872 1035 2902 infinitum

203 2919 322 2943 motum
348 2914 540 2953 produceret,
566 2921 691 2954 totaque
717 2914 850 2944 universi
876 2914 973 2944 moles
998 2924 1035 2944 ex

202 2956 296 2984 atomi
308 2956 518 2996 progressione
527 2955 743 2994 dimoveretur,
759 2956 842 2997 quod
854 2956 1032 2988 absurdum.

204 2996 298 3027 Unde
313 2997 338 3027 si
353 2999 447 3029 oether
468 3009 532 3029 non
555 2999 716 3036 resisteret,
740 3000 799 3030 hoc
814 3005 860 3030 est
873 3000 903 3029 vi
917 2999 1035 3029 inertioe

201 3045 324 3075 careret,
347 3040 502 3081 fingendoe
525 3041 629 3072 forent
654 3041 724 3072 duae
749 3042 885 3072 materiae
911 3042 1034 3082 species,

199 3090 333 3122 quarum
358 3082 453 3114 altera
477 3083 509 3114 vi
533 3083 655 3115 inertioe
681 3083 808 3124 proedita
829 3084 916 3122 foret,
944 3083 1038 3116 altera

1076 2533 1102 2563 si
1117 2534 1212 2563 aether
1225 2533 1266 2563 sit
1278 2532 1434 2573 gravitatis
1453 2542 1547 2567 causa
1567 2537 1686 2571 oportet
1705 2537 1742 2562 ut
1766 2530 1820 2561 illa
1840 2531 1908 2570 ips·

1077 2575 1204 2606 materia
1218 2576 1348 2605 aetherea
1361 2585 1431 2615 quae
1445 2574 1579 2614 corporis
1599 2573 1675 2604 moti
1696 2573 1816 2604 actione
1836 2583 1906 2604 mo-

1079 2624 1178 2656 vetur,
1194 2617 1271 2648 dum
1285 2623 1388 2648 tamen
1403 2617 1479 2647 nihil
1488 2616 1652 2657 quicquam
1666 2615 1706 2646 de
1720 2616 1803 2646 illius
1816 2621 1907 2647 motu

1079 2660 1168 2698 tollit,
1191 2660 1286 2700 possit
1299 2659 1376 2690 illud
1392 2659 1474 2690 idem
1489 2669 1599 2698 corpus
1613 2658 1639 2688 si
1653 2667 1776 2688 sursum
1790 2658 1907 2689 femm-

1079 2703 1193 2739 sistere,
1219 2702 1252 2732 in
1275 2702 1436 2733 adversum
1461 2701 1528 2742 ejus
1550 2701 1750 2731 directionem
1773 2707 1904 2738 mutue,

1079 2747 1134 2776 διο.
1174 2746 1256 2781 Quoe
1270 2743 1472 2784 metaphysice
1487 2743 1579 2774 etiam
1593 2743 1674 2774 inter
1688 2753 1720 2773 se
1734 2752 1906 2784 repugnare

1079 2788 1231 2824 videntur,
1247 2797 1304 2818 nec
1318 2788 1390 2817 satis
1398 2787 1492 2817 fuisse
1507 2796 1654 2825 perpensa
1668 2785 1731 2817 ab
1721 2785 1906 2827 ingeniosis-

1079 2830 1163 2860 simis
1182 2829 1406 2861 Cartesianismi
1421 2828 1680 2859 restauratoribus.

1122 2873 1170 2913 (¹¹)
1189 2875 1206 2892 *¹
1223 2874 1328 2904 hiatus
1341 2874 1420 2903 idem
1433 2882 1468 2902 ac
1479 2873 1568 2911 prius
1583 2873 1782 2903 annueretur
1830 2868 1905 2901 Dii:-

1078 2915 1208 2945 ferentia
1222 2924 1351 2945 arcuum
1366 2914 1465 2944 motui
1480 2913 1593 2944 amisso
1607 2912 1849 2953 proportionalis,
1858 2917 1905 2943 εκ

1080 2964 1116 2987 ut
1130 2957 1299 2988 resistentia
1313 2963 1343 2988 et
1356 2955 1539 2996 quadratum
1555 2956 1700 2995 temporis
1713 2955 1806 2997 conju

1080 3001 1148 3041 (per
1176 3000 1246 3031 Cor.
1265 3002 1295 3031 5.
1321 2999 1409 3030 Lem.
1436 2998 1480 3028 X.
1487 2998 1522 3038 );
1549 2998 1603 3029 sed
1627 3003 1717 3029 aucta
1739 2996 1905 3037 paululum

1079 3042 1249 3078 velocitate,
1275 3040 1444 3072 resistentia
1467 3039 1700 3080 quamproxime
1719 3045 1851 3081 augetur
1870 3038 1905 3071 iu

1081 3084 1148 3125 ejus
1162 3084 1280 3116 ratione
1293 3081 1450 3124 duplicati&
1466 3086 1535 3125 (per
1551 3082 1656 3124 Hyp.)
1679 3088 1710 3115 ct
1723 3081 1814 3114 simul
1828 3091 1905 3123 qua-
