2066 3548
1752 152 1777 164 «b

218 241 302 281 110
617 235 1066 282 PHILOSOPHIAE
1097 239 1458 285 NATURALIS
1538 242 1686 295 [Mor.
1710 244 1910 288 Coaron.

873 513 1116 562 SECTIO
1150 515 1238 564 IV.

359 633 696 696 Decmponmt
712 634 1067 683 &euleu-imola
1089 636 1136 683 in
1158 636 1312 685 mediis
1332 638 1637 686 resistentibus
1657 637 1751 702 (Ἴ.

253 760 304 804 (¹¹)
328 760 501 792 Newwnu·
513 761 547 792 in
560 762 618 794 hic
632 763 765 794 sectione
779 762 947 803 praecipuas
961 774 1034 804 sup-
1078 763 1158 794 fiunt
1181 771 1304 805 propter
1327 766 1421 798 latera
1442 766 1522 798 circa
1548 767 1680 808 aequales
1700 766 1741 798 ad
1762 773 1902 799 centrum

209 804 296 845 ponit
315 802 534 844 logarithmicae
549 805 667 844 spiralis
680 805 887 845 proprietateS,
900 806 1034 845 postulat
1076 806 1207 846 angulos
1227 809 1462 847 proportionalia
1485 809 1576 851 (147)
1593 815 1623 840 et
1637 808 1707 840 idea
1720 809 1772 840 alii
1794 810 1901 851 anguli

207 846 302 887 igitur
314 845 445 877 instituti
459 846 554 877 nostri
567 847 644 878 ratio
658 853 694 878 ut
708 847 746 878 de
755 847 907 879 illacurvfi
917 848 1034 888 aliquid
1071 848 1231 890 vhomologi
1250 850 1271 880 S
1284 851 1311 880 P
1326 851 1367 886 Ω,
1382 851 1403 881 S
1415 852 1448 887 Q
1459 852 1498 888 R,
1517 852 1538 883 S
1553 852 1584 882 R
1602 851 1646 889 X,
1657 852 1725 888 δια,
1739 858 1769 883 et
1781 852 1809 884 P
1821 853 1855 890 Q,
1866 853 1899 891 S,

208 888 441 928 praemittamus.
513 898 520 904 ·
1078 891 1111 927 Q
1127 892 1158 922 R
1176 892 1206 927 S,
1226 892 1256 923 R
1273 893 1306 922 X
1325 893 1356 929 S,
1378 893 1510 934 aequales
1523 900 1603 924 sunt.

252 933 320 960 147.
348 930 492 960 Circulus
513 931 540 961 P
556 931 587 962 A
604 931 634 961 Ε
652 931 692 967 L,
714 937 818 962 centro
842 932 873 967 S,
896 938 928 962 et
948 932 1033 963 radio
1118 936 1188 964 150.
1201 934 1357 970 Quoniam
1366 934 1468 975 itaque
1477 935 1556 974 spira
1563 936 1899 977 quaelibetPQRZp,

206 972 350 1012 quovis>S
368 972 396 1002 P
410 971 577 1012 descriptus
591 973 705 1004 divisus
719 974 805 1004 sitin
819 984 907 1004 arcus
918 975 1030 1014 quotli-
1073 985 1094 1015 p
1114 986 1134 1017 q
1155 986 1171 1005 ι·
1192 986 1208 1005 z
1225 989 1257 1014 π,
1284 977 1353 1013 &c.,
1377 977 1504 1007 totidem
1529 977 1689 1019 triangulis
1716 978 1745 1008 P
1769 979 1801 1015 Q
1822 979 1844 1009 S
1869 985 1900 1011 et

206 1015 258 1044 bet
271 1014 402 1054 aequales
419 1014 447 1045 P
458 1015 499 1052 A,
519 1017 549 1045 A
567 1016 606 1052 Β,
626 1016 654 1046 Β
670 1016 705 1050 C,
725 1016 750 1046 C
766 1016 808 1053 D,
825 1017 893 1053 &c.,
910 1017 1030 1056 sintque
1072 1027 1120 1060 pq
1135 1018 1164 1053 S,
1185 1019 1217 1054 Q
1229 1019 1259 1048 R
1272 1019 1292 1049 S
1307 1025 1337 1050 et
1351 1029 1370 1059 q
1385 1029 1401 1049 r
1418 1019 1448 1055 S,
1465 1019 1519 1050 &c.
1538 1020 1688 1051 similibus
1701 1020 1900 1062 similiterque

205 1055 361 1086 radiorum
379 1057 407 1087 P
423 1057 454 1094 S,
473 1058 502 1087 A
522 1058 552 1092 S,
571 1058 600 1089 B
619 1059 649 1094 S,
670 1058 695 1088 C
714 1058 743 1092 S,
760 1059 827 1094 δια,
844 1064 944 1096 partes
959 1059 985 1089 P
997 1060 1028 1095 S,
1072 1060 1177 1098 positis
1192 1061 1287 1091 divisa
1301 1066 1355 1098 est,
1378 1061 1466 1100 spirae
1481 1071 1587 1091 omnes
1600 1072 1670 1102 quae
1683 1072 1702 1092 a
1715 1061 1802 1092 radio
1815 1063 1899 1102 posi-

208 1098 242 1133 Q
257 1098 288 1134 S,
307 1098 338 1128 R
355 1098 385 1132 S,
412 1099 446 1129 X
463 1100 494 1134 S,
516 1100 572 1130 &c.
596 1099 630 1129 in
652 1098 798 1130 continua
816 1101 1025 1140 progressione
1067 1102 1150 1132 tione
1171 1101 1242 1133 dato
1266 1103 1287 1133 S
1304 1103 1340 1140 P,
1358 1103 1396 1133 ad
1411 1103 1545 1134 eundem
1559 1104 1679 1135 radium
1693 1103 1794 1134 ductae
1810 1110 1894 1143 aunt,

203 1138 397 1179 geometrica,
413 1147 527 1179 puncta
543 1141 581 1178 P,
600 1142 639 1177 Q,
660 1143 699 1178 R,
718 1142 761 1178 X,
784 1142 852 1176 δια,
881 1149 970 1174 erunt
991 1143 1025 1172 in
1065 1143 1146 1175 inter
1159 1155 1191 1174 se
1205 1145 1320 1176 similes
1333 1145 1486 1185 radiisque
1500 1145 1804 1186 correspondentibus
1824 1156 1896 1186 pro-
1922 1169 1929 1175 .

203 1181 306 1221 spirali
326 1182 538 1224 logarithmicfi
557 1183 591 1215 in
611 1183 673 1225 qua
687 1182 814 1223 proinde
824 1183 850 1214 si
860 1184 938 1218 radii
951 1185 981 1221 Q
995 1185 1025 1222 S,
1068 1186 1251 1226 portionales
1265 1193 1365 1225 erunt,
1381 1187 1413 1218 id
1429 1195 1473 1219 est
1490 1188 1518 1220 P
1532 1189 1570 1221 S:
1586 1199 1607 1230 p
1621 1190 1642 1222 S
1651 1201 1698 1219 =
1710 1188 1738 1220 P
1750 1187 1784 1225 Q
1793 1187 1825 1220 R
1837 1189 1896 1229 Zp

195 2147 226 2177 R.
243 2148 274 2185 S,
293 2149 326 2179 X
345 2150 375 2185 S,
391 2150 462 2185 &c.,
477 2149 539 2180 sint
551 2148 683 2186 numeri,
697 2158 787 2179 arcus
801 2149 906 2180 circuli
924 2149 952 2181 P
969 2150 1011 2185 A,
1058 2161 1066 2179 ι
1085 2159 1106 2187 p
1121 2158 1141 2188 q
1156 2158 1172 2178 r
1187 2160 1202 2179 z
1219 2162 1251 2184 er,
1269 2149 1324 2179 διο.
1363 2126 1469 2189 vAtque
1483 2147 1555 2179 hinc
1569 2146 1705 2188 sequitur
1719 2148 1886 2191 (147)tam

194 2188 223 2219 P
239 2190 278 2226 B,
297 2191 326 2222 P
343 2193 380 2229 C,
396 2193 464 2228 δια,
481 2192 560 2221 sicut
575 2197 606 2221 et
620 2191 727 2231 anguli
744 2191 772 2221 P
788 2192 809 2222 S
827 2193 867 2228 Q,
887 2192 915 2222 P
932 2192 953 2222 S
971 2192 1012 2229 R,
1056 2192 1151 2229 spiras
1174 2201 1280 2221 omnes
1300 2189 1393 2230 quam
1415 2190 1515 2221 radios
1528 2189 1601 2230 ipsis
1615 2191 1884 2231 correspondentes

193 2230 222 2261 P
239 2232 261 2262 S
278 2233 321 2271 X,
336 2235 400 2271 &c.,
416 2239 508 2265 erunt
522 2239 557 2264 ut
570 2232 696 2263 illorum
710 2243 911 2264 numerorum
925 2234 1012 2274 loga·
1055 2233 1096 2263 ad
1120 2239 1260 2263 centrum
1282 2243 1380 2273 usque
1405 2233 1438 2263 in
1462 2232 1672 2274 progressione
1696 2233 1884 2274 geometrici

189 2273 301 2311 rithmi,
329 2274 451 2315 prorsus
471 2281 508 2306 ut
528 2275 561 2305 in
581 2275 702 2316 vulgari
722 2275 934 2315 logarithmicfi
949 2276 1014 2306 axis

189 2322 289 2388 gartes
303 2324 376 2349 sunt
389 2324 425 2351 ut
438 2317 610 2359 lugarithmi
624 2317 830 2349 ordinatarum
840 2328 1014 2357 correspon-

212 2359 338 2390 entium.

234 2404 302 2431 148.
332 2402 488 2438 Quoniam
510 2407 614 2432 autem
639 2402 809 2443 progressio
830 2403 1015 2443 geometrica

189 2441 221 2472 in
235 2442 392 2475 infinitum
406 2445 577 2475 decrescere
591 2449 621 2474 et
635 2454 768 2475 crescere
782 2451 889 2483 potest,
913 2445 1012 2475 mani-

189 2484 301 2516 festum
316 2493 362 2517 est
376 2487 517 2526 spiralem
532 2485 776 2526 logarithmicam
790 2486 933 2527 utrinque
948 2494 1012 2516 tam

188 2526 228 2557 ad
243 2534 380 2559 centrum
400 2529 420 2560 S
434 2528 606 2560 accedendo
626 2528 718 2568 quam
734 2530 772 2559 ab
787 2529 893 2559 eodem
909 2529 1012 2558 versus

189 2568 229 2599 M
243 2571 412 2601 recedendo
422 2581 475 2610 per
486 2580 576 2611 gyros
587 2570 722 2600 infinitos
733 2571 902 2602 continuari
913 2581 1009 2610 posse,

188 2612 365 2644 continuata
379 2613 586 2654 progressione
600 2612 755 2643 radiorum
771 2613 1012 2643 decrescentium

187 2653 235 2683 vel
250 2656 447 2686 crescentium
460 2654 539 2686 circa
553 2661 692 2685 centrum
708 2655 738 2691 S,
755 2655 794 2685 ad
805 2655 888 2695 quod
898 2653 1012 2685 idcirco

186 2704 279 2727 curva
292 2697 535 2729 decrescentibus
545 2696 637 2727 radiis
647 2697 931 2736 proportionalibus,
943 2707 1010 2727 mae

186 2737 235 2776 gis
248 2740 405 2780 magisque
420 2740 543 2776 accedit,
560 2739 631 2769 licet
645 2749 814 2779 numquam
823 2739 903 2769 illud
917 2739 1011 2778 possit

185 2779 345 2821 attingere,
371 2783 433 2812 sive
453 2790 489 2813 ut
509 2782 593 2822 loqui
608 2787 721 2818 amant,
746 2781 816 2812 licet
837 2781 916 2811 illud
936 2791 1008 2811 cen-

186 2827 268 2852 trum
283 2833 345 2853 non
359 2824 487 2864 attingat
502 2824 560 2854 nisi
571 2830 639 2864 post
649 2823 782 2854 infinitas
792 2823 1004 2854 revolutiones.

231 2867 300 2896 149-
331 2866 473 2906 Angulus
498 2868 518 2897 S
537 2867 568 2902 Q
587 2867 626 2903 R,
653 2875 744 2906 quem
766 2865 868 2896 radius
883 2866 1011 2905 quilibet

189 2906 210 2936 S
223 2906 263 2942 Q.
279 2917 351 2937 cum
366 2908 457 2938 curvi
475 2909 513 2939 ad
527 2908 649 2938 easdem
659 2914 758 2947 partes
768 2907 927 2938 constituit
937 2917 1010 2937 con-

185 2954 269 2979 stans
297 2956 360 2988 est3
397 2950 422 2980 si
451 2951 574 2990 quidem
604 2951 852 2981 evanescentibus
879 2951 1011 2980 arcubus

185 2991 353 3031 aequalibus
378 2992 404 3022 P
422 2992 463 3028 A,
483 2994 512 3023 A
527 2993 565 3029 Β,
585 2993 613 3024 Β
633 2993 750 3030 C‚&c.,
772 2991 927 3032 triangula
941 3002 1010 3022 eva-

184 3034 340 3065 nascentia
363 3034 390 3065 P
407 3035 429 3065 S
447 3035 486 3071 Q,
507 3035 539 3071 Q
555 3035 576 3066 S
595 3036 635 3073 R,
655 3036 686 3066 R
703 3036 725 3066 S
741 3035 786 3073 X,
807 3035 876 3072 &c.,
899 3034 1011 3065 similia

1056 2275 1237 2312 decrescere,
1261 2281 1334 2305 sunt
1354 2275 1437 2305 enim
1461 2275 1489 2305 P
1506 2275 1537 2312 S,
1553 2285 1574 2314 p
1591 2275 1621 2311 S,
1638 2287 1663 2307 a·
1679 2275 1710 2313 S,
1731 2277 1788 2307 &c-
1811 2285 1883 2315 pm-

1056 2317 1218 2357 gressionis
1242 2317 1434 2358 geometricae
1455 2317 1577 2347 termini
1596 2317 1822 2358 aequidistantoe
1842 2318 1883 2348 ob

1057 2359 1206 2399 aequalem
1220 2359 1403 2401 angulorum
1419 2359 1583 2399 aequalium
1608 2358 1637 2390 P
1653 2360 1675 2390 S
1692 2360 1732 2396 Q,
1751 2360 1785 2396 Q
1799 2360 1821 2390 S
1838 2359 1880 2396 R.

1055 2411 1077 2440 p
1095 2401 1116 2432 S
1130 2412 1159 2442 q,
1174 2412 1195 2442 q
1212 2402 1233 2432 S
1247 2412 1271 2437 r,
1296 2402 1351 2432 διο.
1383 2411 1548 2431 numerum
1575 2401 1607 2431 in
1635 2401 1766 2442 singulis
1793 2401 1882 2441 spiris

1056 2445 1316 2482 comprehensum,
1331 2443 1414 2474 unde
1428 2443 1583 2474 radiorum
1597 2453 1721 2484 quoque
1735 2443 1880 2474 differen-

1055 2485 1107 2515 tiae
1124 2485 1152 2516 P
1166 2496 1195 2525 p,
1211 2496 1232 2524 p
1247 2498 1280 2522 x,
1296 2487 1351 2515 &c.
1370 2486 1403 2515 in
1418 2485 1527 2516 eadem
1541 2484 1726 2526 geometrica
1738 2495 1880 2527 progres-

1056 2527 1140 2557 sione
1154 2527 1341 2558 decrescunt.

1099 2572 1167 2600 151.
1196 2568 1301 2600 Ducta
1315 2569 1396 2600 recta
1409 2570 1437 2600 P
1449 2570 1478 2601 Τ
1488 2569 1628 2609 ερίηιῙεῐιι
1636 2575 1781 2611 tangente
1791 2569 1825 2600 in
1838 2570 1878 2609 P,

1054 2617 1085 2642 et
1098 2611 1179 2642 rectfi
1195 2612 1221 2642 P
1234 2612 1265 2642 Ο
1279 2611 1318 2642 ad
1333 2611 1460 2642 eandem
1475 2612 1727 2651 perpendiculari,
1742 2622 1797 2651 per
1806 2622 1880 2643 een-

1053 2659 1136 2684 trum
1163 2654 1184 2685 S
1205 2654 1337 2695 erigatur
1351 2654 1390 2684 ad
1403 2654 1524 2684 radium
1542 2654 1563 2684 S
1581 2654 1610 2684 P
1623 2654 1880 2695 perpendiculum

1056 2696 1086 2726 T
1103 2697 1124 2726 S
1142 2697 1172 2728 Ο
1187 2697 1275 2727 rectis
1293 2696 1320 2727 P
1336 2696 1365 2726 T
1379 2702 1409 2727 et
1427 2696 1455 2726 P
1472 2696 1502 2727 Ο
1517 2706 1678 2727 occurrens
1691 2697 1725 2726 in
1742 2697 1771 2728 T
1785 2703 1816 2727 et
1833 2697 1875 2733 0,

1053 2738 1216 2779 longitudo
1226 2738 1344 2778 spiralis
1360 2739 1388 2769 P
1400 2739 1424 2769 Z
1435 2748 1455 2778 p
1466 2749 1482 2768 z
1494 2750 1519 2769 a·
1532 2739 1563 2775 S,
1579 2738 1618 2769 ad
1629 2746 1768 2770 centrum
1779 2749 1880 2780 usqua

1055 2781 1087 2818 S,
1103 2781 1272 2822 aequabitur
1284 2781 1422 2821 tangenti
1446 2781 1474 2810 P
1491 2781 1527 2815 T,
1551 2781 1667 2821 eritque
1688 2781 1816 2821 proinde
1837 2781 1878 2812 ad

1051 2823 1172 2853 radium
1198 2824 1219 2854 S
1237 2823 1264 2854 P
1285 2823 1318 2853 in
1343 2821 1415 2853 data
1433 2822 1549 2853 ratione
1578 2823 1605 2853 P
1620 2823 1648 2852 T
1663 2823 1703 2854 ad
1727 2824 1749 2855 S
1765 2823 1803 2861 Ρ,
1827 2823 1878 2854 vel

1056 2866 1086 2896 Ο
1106 2865 1133 2895 P
1147 2865 1186 2896 ad
1204 2866 1234 2896 0
1253 2866 1282 2896 S.
1331 2865 1414 2896 Nam
1428 2871 1532 2896 centro
1546 2866 1575 2900 S,
1594 2865 1684 2896 radiis
1702 2866 1723 2896 S
1737 2866 1779 2903 Q,
1797 2866 1819 2896 S
1832 2865 1875 2903 R,

1056 2908 1078 2938 S
1095 2908 1138 2943 X,
1157 2908 1178 2938 S
1195 2908 1235 2944 V,
1258 2909 1312 2938 διο.
1331 2906 1449 2937 infinite
1464 2907 1640 2947 propinquis
1654 2907 1796 2947 descripti
1815 2907 1879 2938 sint

1053 2960 1141 2980 arcus
1155 2949 1316 2981 circulares
1334 2949 1366 2985 Q
1382 2949 1417 2987 F,
1437 2949 1468 2979 R
1486 2949 1526 2985 G,
1544 2949 1575 2980 X
1592 2949 1639 2987 H,
1656 2950 1688 2980 V
1704 2949 1748 2986 K,
1760 2950 1829 2985 dcc..
1844 2953 1877 2980 et

1053 2993 1093 3022 ob
1117 2992 1247 3033 angulos
1274 2991 1402 3028 QFP,
1432 2991 1570 3028 RGQ,
1598 2992 1631 3022 X
1656 2992 1692 3022 H
1717 2993 1875 3027 Rrecton.

1053 3034 1244 3075 angulosque
1262 3034 1331 3070 QP
1348 3034 1384 3072 F,
1405 3034 1435 3065 R
1450 3034 1483 3070 Ω
1494 3034 1533 3070 G,
1553 3034 1585 3065 X
1601 3035 1632 3065 R
1646 3033 1690 3072 H,
1707 3034 1761 3066 διο.
1772 3043 1876 3076 aqu·-
