2066 3548
172 223 320 266 tumn
342 223 558 276 sacam]
576 192 589 198 ἣ
610 218 939 265 'PRINCIPIA
981 221 1474 263 MATHEMATICA.
1818 228 1874 264 39

152 378 161 383 ,
177 347 336 374 necnon
371 334 561 388 spatium,
597 335 710 390 quod
741 348 890 388 corpus
919 333 1086 390 aliquod
1118 333 1264 375 eodem
1295 342 1482 389 tempore
1513 335 1552 376 A
1574 336 1633 385 D,
1663 337 1876 380 velocitate

173 404 306 460 prim&
328 405 369 446 A
392 405 442 455 B,
475 405 517 446 in
547 406 685 447 medio
704 419 789 446 non
807 406 1023 447 resistente
1042 405 1276 447 describere
1294 414 1449 460 posset,
1482 407 1544 461 (¹²¹)
1565 421 1641 461 per
1660 417 1876 465 rectangu-

176 476 386 520 lumAB
419 487 452 520 Χ
483 479 602 520 AD.

229 550 360 590 Corol.
382 554 422 590 2.
457 549 582 591 Unde
602 549 724 591 datur
743 548 921 603 spatium
940 549 984 590 iu
1003 549 1142 590 medio
1171 549 1386 591 resistente
1414 549 1678 604 descriptum,
1707 549 1871 604 capien-

169 619 225 661 do
244 619 347 660 illud
367 620 420 660 ad
440 619 617 674 spatium
637 619 750 675 quod
770 619 986 661 velocitate
1006 619 1202 660 uniformi
1225 620 1265 660 A
1287 619 1326 661 B
1345 620 1389 660 in
1409 620 1551 661 medio
1563 635 1649 661 non
1661 620 1874 662 resistente

170 691 291 732 simul
321 691 498 732 describi
526 699 677 745 posset,
708 700 754 732 ut
774 700 836 732 est
856 706 952 732 area
981 691 1248 747 hyperbolica
1269 691 1310 732 A
1332 691 1369 732 B
1391 692 1434 734 G
1455 692 1499 734 D
1520 692 1573 734 ad
1593 693 1876 749 rectangulum

170 764 211 804 A
229 763 266 804 B
291 771 324 804 ><
356 763 396 804 A
417 762 475 804 D.

229 837 359 877 Corol.
382 842 421 877 3.
453 836 592 877 Datur
607 836 739 882 ,etiam
759 836 988 877 resistentia
1007 836 1146 886 medii,
1178 837 1398 879 statuendo
1417 851 1507 878 eam
1531 838 1623 892 ipso
1641 836 1778 879 motus
1798 837 1876 878 ini-

168 907 227 948 tio
246 907 446 963 aequalem
467 922 555 949 esse
576 908 616 948 vi
636 908 829 949 uniformi
851 908 1101 963 centripetae,
1139 923 1232 964 quae
1269 909 1312 950 in
1342 910 1515 951 cadente
1550 925 1736 965 corpore,
1772 920 1875 951 tem-

167 994 269 1034 pore
302 980 340 1021 A
365 979 414 1030 C,
450 980 494 1020 in
530 980 668 1021 medio
699 995 785 1023 non
819 979 1048 1030 resistente,
1083 994 1283 1037 generare
1311 989 1453 1036 posset
1481 982 1739 1023 velocitatem
1761 978 1802 1023 'A
1824 981 1875 1023 Β.

170 1049 280 1091 Nam
300 1051 334 1091 si
354 1051 528 1092 ducatur
551 1051 588 1092 B
610 1051 652 1092 T
671 1065 764 1106 quae
786 1058 930 1108 tangat
943 1051 1213 1107 hyperbolam
1234 1052 1278 1093 in
1300 1052 1351 1104 B,
1373 1061 1415 1094 et
1434 1062 1624 1094 occurrat
1642 1063 1876 1109 asymptoto

167 1120 212 1160 in
233 1121 274 1162 T
284 1136 296 1170 3
328 1122 380 1175 (¹¹)
402 1129 514 1162 recta
534 1123 574 1163 A
589 1121 630 1162 T
648 1121 818 1177 aequalis
831 1121 909 1162 erit
927 1121 1007 1176 ipsi
1028 1121 1069 1163 A
1092 1122 1142 1172 C,
1175 1123 1224 1177 (⁰)
1242 1120 1288 1164 'et
1307 1131 1469 1178 tempus
1489 1133 1683 1178 exponet,
1708 1139 1791 1180 quo
1810 1139 1875 1166 re-

168 1191 350 1232 sistentia
369 1191 504 1245 prima
513 1190 771 1233 uniformiter
782 1191 1021 1234 continuata
1035 1191 1180 1234 tollere
1191 1201 1333 1247 posset
1343 1193 1602 1236 velocitatem
1615 1203 1744 1236 totam
1761 1194 1802 1236 A
1821 1195 1871 1237 B.

227 1261 357 1302 Corol.
375 1267 415 1302 4.
438 1262 489 1316 (Ρ)
514 1261 569 1302 Et
581 1261 677 1303 inde
697 1262 819 1303 datur
839 1263 962 1303 etiam
980 1264 1199 1318 proportio
1214 1262 1336 1318 hujus
1351 1263 1594 1305 resistentiae
1612 1264 1667 1306 ad
1682 1264 1765 1306 vim
1779 1279 1874 1322 gra-

167 1332 314 1383 vitatis,
337 1333 508 1374 aliamve
530 1334 713 1389 quamvis
735 1334 873 1375 datam
892 1334 974 1375 vim
995 1334 1278 1389 centripetam.

211 1449 268 1491 (¹¹¹)
285 1452 336 1482 79.
354 1452 370 1470 ’
391 1453 452 1482 Per
465 1453 677 1491 rectangulum
693 1453 724 1482 A
742 1454 772 1482 B
791 1453 823 1488 ><
843 1451 874 1482 A
885 1452 929 1482 D.
969 1451 1001 1481 Si
1044 1449 1116 1481 dem
1142 1449 1339 1482 uniformiter
1358 1451 1536 1483 continuata
1558 1453 1704 1492 temporis
1717 1461 1875 1486 momento

169 1492 253 1522 enim
282 1492 425 1523 velocitas
455 1494 486 1523 A
515 1494 555 1529 B,
584 1499 689 1523 manet
718 1493 835 1528 eadem,
865 1500 1004 1532 tempore
1047 1493 1080 1523 K
1097 1493 1136 1529 L,
1151 1493 1215 1524 sive
1233 1494 1263 1524 A
1281 1494 1325 1530 K,
1349 1494 1470 1526 tolleret
1495 1496 1587 1526 etiarn
1612 1495 1804 1530 velocitatem
1826 1497 1848 1527 k
1862 1498 1881 1527 f

173 1535 203 1564 A
223 1534 266 1572 K,
292 1534 440 1565 describet
462 1544 574 1574 corpus
590 1536 723 1574 spatium
753 1537 781 1565 A
801 1536 828 1565 B
847 1540 880 1572 ><
902 1538 932 1565 Λ
951 1535 995 1572 Κ,
1039 1548 1085 1564 =
1104 1536 1132 1565 B
1148 1546 1175 1569 e.
1192 1542 1223 1566 et
1237 1538 1383 1576 temporis
1397 1544 1557 1568 momento
1583 1538 1613 1568 L
1629 1538 1678 1573 M,
1701 1549 1755 1567 seu
1779 1540 1808 1568 A
1829 1539 1873 1576 K,

167 1576 245 1607 dum
282 1576 316 1606 in
352 1577 455 1607 medio
493 1578 651 1608 resistente
680 1577 829 1608 'describit
864 1577 997 1616 spatium
1040 1578 1230 1608 velocitatem
1256 1588 1279 1619 g
1299 1580 1320 1609 h
1340 1591 1387 1608 =
1413 1580 1442 1610 B
1465 1590 1492 1616 e,
1518 1579 1612 1620 atque
1635 1579 1680 1610 its
1708 1580 1874 1620 deinceps3

170 1619 201 1649 A
217 1617 277 1649 Bk
294 1618 338 1656 K,
350 1625 487 1658 tempore
504 1620 537 1650 K
549 1620 579 1650 L
592 1620 750 1650 velocitate
764 1621 794 1650 A
810 1620 838 1650 B
848 1619 998 1650 describet
1039 1619 1135 1659 quare
1155 1621 1326 1652 resistentia
1346 1622 1446 1660 prima
1471 1622 1668 1652 uniformiter
1696 1623 1875 1656 continuata

167 1660 301 1700 spatium
318 1661 349 1692 A
368 1662 396 1692 B
415 1666 447 1698 ><
469 1661 502 1692 K
519 1662 556 1697 L,
580 1661 657 1693 dum
677 1662 709 1692 in
725 1662 830 1693 medio
840 1662 999 1692 resistente
1040 1669 1179 1702 tempore
1207 1664 1237 1693 A
1255 1664 1285 1694 T
1306 1664 1426 1695 tolleret
1447 1665 1639 1696 velocitatem
1660 1671 1757 1695 totam
1784 1666 1814 1696 A
1834 1667 1873 1703 Β,

167 1702 311 1734 describit
331 1703 464 1742 spatium
485 1704 517 1734 K
533 1705 554 1734 k
570 1704 581 1734 l
598 1705 637 1741 L,
661 1711 691 1735 et
704 1703 748 1736 ini
761 1704 905 1743 deinceps
927 1707 994 1746 (14.

168 1745 242 1777 Lib.
261 1745 328 1784 1.);
350 1755 444 1786 quare
464 1752 601 1786 tempore
625 1748 656 1777 A
674 1747 712 1777 M
727 1746 885 1778 velocitate
899 1747 997 1785 primii

169 1787 201 1818 A
222 1787 252 1818 B
274 1788 308 1817 in
332 1788 436 1818 medio
459 1799 522 1819 non
546 1789 703 1819 resistente
723 1788 872 1819 describet
886 1799 998 1828 corpus

166 1829 298 1868 spatium
325 1830 522 1872 ΑΒΧ(Α
548 1831 689 1873 K÷K
714 1831 850 1873 L-}-L
875 1831 928 1869 M)
950 1844 996 1860 =

169 1872 299 1909 AB><
320 1872 426 1909 AM;
449 1874 678 1912 ettemporeA
697 1874 741 1910 D,
763 1874 945 1913 spatiumA
964 1874 993 1903 B

169 1918 202 1951 ><
231 1915 261 1944 A
286 1914 330 1945 D.
377 1915 423 1945 Et
446 1915 594 1956 quoniam
619 1916 685 1955 ipso
703 1915 806 1946 motus
829 1916 927 1952 initio,
949 1922 995 1946 est

167 1966 237 1987 area
253 1956 281 1987 A
298 1957 326 1987 B
338 1956 359 1986 k
372 1956 415 1994 K,
431 1957 557 1997 aequalis
570 1956 750 1998 rectang'ulo
768 1959 796 1988 A
810 1958 838 1988 B
853 1963 886 1995 χ
905 1958 937 1988 Κ
959 1958 990 1994 k,

167 2005 259 2038 atque
277 1998 374 2038 spatia
387 2000 420 2029 in
435 1999 538 2030 medio
552 2000 707 2031 resistente
721 2006 752 2031 et
765 2000 799 2030 in
813 2000 916 2031 medio
931 2010 994 2030 non

166 2040 322 2071 resistente
356 2040 506 2080 desei-ima
534 2043 678 2081 temporis
705 2049 863 2073 momento
901 2043 931 2073 A
949 2042 993 2079 K,

166 2089 240 2112 sunt
253 2083 345 2113 etiam
361 2084 499 2123 aequalia,
523 2084 620 2123 liquet
633 2085 766 2124 spatium
781 2085 812 2114 in
828 2085 931 2115 medio
946 2095 994 2114 re-

166 2124 291 2155 sistente
305 2124 492 2164 descriptum
501 2132 638 2165 tempore
652 2127 760 2167 quovis
776 2128 806 2156 A
819 2127 862 2164 D,
878 2137 943 2157 esse
954 2126 994 2157 ad

165 2167 299 2206 spatium
315 2166 422 2197 eodem
438 2173 574 2207 tempore
589 2168 622 2198 in
643 2168 746 2199 medio
761 2179 824 2199 non
838 2169 994 2198 resistente

167 2208 354 2248 descriptum
370 2210 529 2240 velocitate
545 2211 576 2240 A
594 2211 634 2245 B,
651 2217 688 2241 ut
701 2217 747 2241 est
761 2221 831 2241 area
845 2212 994 2249 hyperbo-

164 2250 225 2281 lica
243 2252 272 2281 A
292 2251 699 2292 B'GDadrectangulum
721 2253 795 2292 AB
815 2257 848 2290 ><
869 2254 896 2282 A
919 2253 960 2282 D.

207 2296 266 2324 80:
278 2293 330 2324 Ex
348 2293 517 2334 corollario
531 2294 631 2333 primo
645 2295 782 2335 sequitur
795 2301 931 2333 tempore
946 2295 993 2324 in·

165 2335 254 2366 finito
275 2335 408 2375 spatium
430 2335 586 2367 infinitum
602 2336 731 2367 describi
746 2337 779 2366 in
793 2337 896 2367 medio
910 2336 994 2377 quod

146 2407 155 2419 κ
165 2378 277 2408 resistit
291 2378 324 2407 in
339 2378 456 2408 ratione
469 2378 610 2418 quadrati
624 2379 798 2409 velocitatis.
827 2380 857 2409 N
861 2389 901 2408 on
910 2379 993 2408 enim

165 2426 324 2450 evanescet
352 2420 383 2450 G
400 2420 444 2456 D,
469 2421 528 2451 hoc
553 2427 599 2451 est
618 2421 763 2451 velocitas
783 2427 847 2452 tota
861 2421 996 2451 extincta

166 2471 230 2492 non
243 2462 310 2499 erit,
328 2462 391 2505 pisi
406 2462 527 2493 infinita
540 2463 649 2494 evadat
662 2469 744 2494 recta
762 2465 792 2494 A
811 2464 854 2500 D,
878 2465 936 2494 hoc
951 2470 997 2493 est

165 2504 225 2534 nisi
238 2510 360 2544 tempus
371 2510 475 2535 motus
488 2505 527 2535 sit
540 2505 708 2541 infinitum,
724 2511 862 2546 tuncque
875 2506 997 2536 infinita

165 2546 202 2576 fit
215 2556 286 2578 area
310 2547 340 2577 A
358 2546 388 2577 B
407 2546 436 2577 G
454 2547 499 2585 D,
521 2557 576 2578 seu
595 2548 728 2585 spatium
743 2547 929 2588 descriptum
951 2554 997 2579 est

165 2588 332 2620 infinitum.

209 2631 256 2672 (³)
274 2634 291 2651 ⁶
313 2634 405 2664 Recta
420 2633 448 2662 A
470 2634 634 2674 Toequalis
650 2634 706 2664 erit
719 2634 778 2673 ipsi
794 2635 823 2664 A
841 2635 872 2666 C.
919 2633 998 2674 (Per

169 2672 281 2703 Tineor.
304 2674 331 2704 1.
348 2675 388 2705 de
404 2674 511 2714 Hyp.)

210 2715 256 2794 ἵ)
283 2718 300 2735 ⁸
326 2718 369 2747 Et
395 2723 514 2756 tempus
535 2724 666 2757 caponel.
717 2717 876 2749 Ordinatae
907 2717 942 2748 K
962 2718 995 2753 k,

170 2757 200 2788 L
255 2757 292 2787 M
306 2768 349 2795 m,
365 2759 421 2789 διο.
446 2765 537 2790 rectae
554 2760 584 2790 Β
601 2760 640 2796 Τ,
656 2766 817 2790 occurrant
831 2760 864 2789 in
878 2759 910 2796 k,
925 2761 957 2797 h,
972 2760 994 2797 i,

167 2800 224 2830 &a
251 2809 290 2829 ex
313 2801 436 2839 punctis
457 2801 488 2838 k,
505 2802 535 2836 h,
553 2801 574 2838 i,
601 2801 732 2832 demissa
754 2803 815 2833 sint
838 2801 878 2832 ad
907 2804 937 2832 A
956 2802 995 2839 B,

169 2841 203 2872 K
219 2841 249 2876 k.
267 2841 296 2872 L
311 2842 333 2879 l,
347 2843 405 2873 διε.
421 2843 639 2883 perpendicula
657 2844 690 2874 K
705 2855 731 2879 e,
749 2845 770 2874 h
785 2844 807 2879 f,
823 2843 835 2873 i
849 2854 880 2884 g,
895 2844 950 2874 &c-
964 2852 995 2874 et

167 2884 299 2922 sumptis
324 2886 511 2924 temporibus
535 2896 629 2926 quam
652 2886 789 2916 minimis
816 2886 994 2924 AK,KL‚

166 2926 198 2957 L
215 2927 265 2962 Μ,
293 2926 462 2966 aequalibus
482 2935 574 2958 erunt
598 2929 626 2958 B
641 2939 667 2964 e,
691 2929 712 2958 k
727 2929 748 2963 f,
772 2929 793 2958 h
807 2939 830 2968 g
854 2929 995 2970 aequales,

167 2968 218 2998 sed
242 2968 411 2998 resistentia
436 2970 535 3008 prima
555 2970 700 3009 temporis
720 2978 878 3001 momento
901 2972 931 3002 A
950 2972 994 3008 K,

167 3009 249 3041 tollit
265 3010 455 3042 velocitatem
479 3013 510 3043 A
525 3013 553 3043 B
569 3030 612 3039 —
628 3013 660 3043 K
677 3013 709 3050 k,
735 3023 790 3044 seu
807 3014 836 3044 B
852 3024 881 3052 e,
902 3021 933 3045 et
947 3024 997 3045 ea·-

1038 2423 1112 2463 quia
1129 2423 1159 2452 A
1178 2423 1206 2453 B
1233 2423 1360 2463 aequalis
1376 2429 1421 2454 est
1435 2424 1579 2455 omnibus
1593 2423 1772 2455 differentiis
1797 2424 1824 2454 B
1841 2434 1868 2462 e,

1039 2466 1060 2495 k
1074 2466 1096 2502 f,
1113 2466 1175 2506 gh,
1191 2466 1246 2495 διο.
1269 2475 1367 2506 usque
1382 2465 1421 2496 ad
1438 2467 1485 2503 T;
1512 2467 1557 2497 vis
1577 2474 1680 2498 autem
1703 2466 1869 2505 centripeta

1038 2517 1109 2548 quae
1133 2514 1270 2547 tempore
1295 2508 1326 2537 A
1346 2508 1389 2545 K,
1413 2509 1556 2547 producit
1580 2509 1770 2540 velocitatem
1797 2510 1824 2539 B
1840 2520 1867 2545 e,

1039 2549 1167 2589 aequalis
1189 2555 1235 2580 est
1257 2549 1286 2579 vi
1311 2560 1382 2590 quae
1403 2551 1510 2581 eodem
1540 2551 1686 2590 temporis
1709 2558 1868 2581 momento

1040 2592 1170 2622 eandem
1191 2591 1382 2622 velocitatem
1401 2593 1429 2623 B
1445 2603 1463 2624 e
1477 2594 1638 2633 extinguit,
1662 2604 1718 2624 seu
1742 2594 1869 2633 :equalis

1039 2641 1086 2665 est
1106 2634 1284 2664 resistentiae
1298 2635 1415 2674 primae,
1440 2643 1471 2666 et
1484 2636 1537 2666 illa
1550 2636 1595 2665 vis
1609 2636 1776 2675 centripeta
1797 2636 1867 2665 uni-

1039 2676 1146 2706 formis
1166 2686 1295 2707 manens
1308 2683 1373 2708 toto
1388 2684 1524 2716 tempore
1541 2679 1572 2708 A
1591 2678 1630 2715 T,
1645 2685 1740 2709 totam
1755 2675 1866 2708 ve'loci-

1039 2725 1133 2750 tatem
1153 2720 1182 2749 A
1201 2719 1241 2752 B.
1263 2719 1454 2758 produceret,
1477 2730 1570 2760 quam
1585 2721 1754 2751 resistentia
1767 2721 1867 2759 prima

1038 2760 1201 2791 uniformis
1224 2771 1354 2792 manens
1374 2761 1482 2792 eodem
1503 2768 1640 2802 tempore
1654 2764 1865 2802 extingueret;

1039 2803 1114 2843 ergo
1139 2803 1307 2834 resistentia
1332 2805 1432 2842 prima
1454 2804 1580 2844 aequalis
1599 2810 1645 2835 est
1665 2806 1695 2834 vi
1718 2805 1866 2835 uniformi

1036 2845 1212 2884 centripetae
1226 2855 1295 2885 quae
1310 2846 1342 2875 in
1358 2845 1484 2875 cadente
1493 2856 1627 2886 corpore,
1643 2853 1780 2885 tempore
1793 2848 1821 2876 A
1837 2848 1866 2877 Τ

1037 2887 1100 2918 sive
1118 2889 1148 2918 A
1167 2888 1205 2924 C,
1220 2887 1253 2917 in
1267 2888 1372 2917 medio
1386 2897 1450 2918 non
1464 2888 1622 2920 resistente
1635 2899 1782 2930 generare
1796 2900 1866 2928 pos-

1038 2936 1083 2960 set
1096 2929 1287 2960 velocitatem
1306 2930 1335 2959 A
1351 2930 1388 2960 B.

1083 2973 1129 3013 (Ρ)
1155 2974 1172 2992 ³*
1199 2973 1243 3003 Et
1267 2971 1336 3003 inde?
1359 2974 1451 3004 datur
1469 2974 1561 3004 etiam
1579 2975 1738 3014 proportio.
1786 2975 1866 3005 Sunt

1040 3014 1124 3045 enixu
1149 3014 1226 3044 vires
1250 3013 1424 3054 centripetae
1449 3015 1619 3047 uniformes
1639 3022 1675 3047 ut
1694 3016 1866 3047 velocitates

983 3069 1046 3100 C4
