2066 3548
140 258 292 301 Lmen
311 257 530 308 smum]
575 254 895 301 PRINCIPIA
926 254 1420 304 MATHEMATICA.
1774 264 1857 304 295

140 373 306 430 gabitur
319 387 396 428 per
413 372 547 414 solum
566 373 704 415 aerem
724 384 880 421 verum,
902 369 1028 426 idque
1048 369 1092 413 in
1107 368 1393 425 subduplicatfi
1409 370 1569 411 ratione
1584 371 1755 412 minoris
1767 386 1856 414 ma-

141 444 270 490 teriae.
333 444 396 489 Ut
424 443 459 486 si
487 442 766 498 atmosphaera
784 449 944 483 constet
972 451 1026 482 ex
1055 441 1199 482 decem
1226 441 1414 496 partibus
1444 441 1551 483 aetis
1586 443 1673 484 veri
1701 452 1743 484 et
1772 443 1855 485 unii

140 523 260 572 parte
291 529 506 570 vaporum,
542 522 678 555 motus
708 527 903 559 sonorum
936 512 1108 554 celerior
1128 513 1206 553 erit
1225 513 1267 552 in
1289 512 1575 567 subduplicatfi
1609 514 1767 555 ratione
1801 521 1818 555 l
1831 521 1848 555 1

138 587 192 629 ad
215 593 281 637 10,
303 586 369 628 vel
388 587 432 627 in
451 584 612 642 integr&
633 584 795 625 circiter
815 584 975 625 ratione
996 588 1046 624 21
1071 582 1126 624 ad
1147 587 1215 633 20,
1248 598 1371 638 quam
1393 584 1427 624 si
1446 593 1747 641 propagaretur
1775 599 1853 640 per

138 660 331 706 undecim
373 667 512 715 partes
551 658 658 701 aeris
697 657 806 700 veri:
849 657 1026 713 ideoque
1064 664 1200 698 motus
1241 670 1439 697 sonorum
1478 671 1604 712 supra
1646 658 1848 709 inventus,

137 730 351 788 augendus
372 730 451 771 erit
469 730 514 770 in
534 727 615 770 hac
642 729 815 770 ratione.
876 728 976 779 Quo
1003 735 1126 783 pacto
1160 741 1300 778 sonuS,
1334 736 1521 784 tempore
1549 730 1698 771 minuti
1727 722 1849 773 unius

136 803 319 854 secundi,
341 792 533 844 conficiet
552 802 680 857 pedes
705 806 828 843 1142.

161 870 173 875 ’
196 874 307 916 Haec
338 874 396 916 ita
416 889 461 915 se
479 873 635 915 habere
665 873 818 915 debent
847 881 1033 928 tempore
1067 887 1196 915 verno
1225 880 1267 915 et
1295 874 1536 925 autumnali,
1569 875 1642 916 ubi
1674 878 1745 918 a‘e‘r
1773 891 1850 932 per

133 945 313 986 calorem
332 953 608 1000 temperatum
627 944 809 995 rarescit,
831 952 872 986 et
892 945 980 1000 ejus
1000 944 1061 985 vis
1082 944 1248 986 elastica
1267 944 1458 986 nonnihil
1487 945 1728 988 intenditur.
1789 949 1849 990 At

130 1015 320 1072 hyberno
340 1024 541 1070 tempore,
572 1015 644 1056 ubi
666 1017 737 1056 aer
755 1029 832 1070 per
850 1014 981 1072 frigus
1012 1014 1301 1065 condensatur,
1334 1024 1376 1057 et
1395 1016 1483 1071 ejus
1503 1016 1565 1057 vis
1584 1016 1754 1059 elastica
1781 1033 1847 1060 re-

128 1087 319 1137 mittitur,
349 1095 487 1128 motus
507 1101 706 1127 sonorum
726 1086 885 1128 tardior
904 1101 993 1128 esse
1013 1086 1138 1128 debet
1156 1086 1200 1127 in
1221 1086 1507 1142 subduplicatfi
1528 1088 1688 1131 ratione
1708 1089 1846 1131 densi-

128 1159 222 1201 tatis
233 1174 245 1208 ;
276 1166 319 1200 et
337 1158 517 1200 vicissim
536 1158 680 1200 aestivo
700 1166 888 1213 tempore
908 1158 1034 1201 debet
1053 1174 1143 1201 esse
1162 1159 1356 1201 velocior.

189 1229 364 1272 Constat
385 1236 523 1270 autem
551 1243 628 1284 per
657 1229 942 1284 experimenta
971 1230 1083 1286 quod
1112 1230 1203 1271 soni
1232 1238 1419 1286 ternpore
1451 1231 1601 1273 minuti
1630 1233 1752 1275 unius
1781 1249 1845 1276 se-

127 1300 254 1342 cundi
274 1300 414 1343 eundo
433 1300 659 1345 conficiunt
686 1300 815 1358 pedes
846 1300 1136 1343 Londinenses
1156 1300 1249 1356 plus
1268 1301 1406 1344 minus
1430 1307 1554 1353 1142,
1589 1303 1844 1348 Parisienses

125 1386 226 1419 vero
254 1376 334 1416 107
339 1378 380 1416 O.

186 1443 367 1501 Cognita
406 1457 603 1485 sonorum
643 1443 859 1486 velocitate
898 1444 1160 1488 innotescunt
1201 1445 1326 1488 etiam
1369 1445 1582 1488 intervalla
1632 1447 1841 1502 pulsuum.

127 1515 180 1571 (ι’)
213 1515 379 1557 Invenit
412 1514 555 1570 utique
589 1514 648 1557 D.
683 1515 882 1566 Sauveur,
922 1514 1038 1557 factis
1070 1531 1095 1556 a
1130 1531 1174 1557 se
1208 1515 1513 1570 experimentis,
1555 1518 1668 1573 quod
1702 1518 1842 1560 fistula

123 1593 280 1641 aperta,
322 1586 440 1642 cujus
478 1585 697 1642 longitudo
731 1593 793 1627 est
823 1585 979 1641 pedum
1012 1587 1307 1630 Parisiensium
1338 1587 1433 1642 plus
1465 1589 1603 1630 minus
1642 1590 1839 1647 quinque,

122 1670 272 1702 sonum
300 1655 387 1697 edit
415 1655 600 1710 ejusdem
629 1657 718 1698 toni
747 1671 843 1698 curn
873 1671 974 1698 sono
1004 1657 1173 1699 chofdae
1203 1671 1296 1714 quae
1328 1666 1515 1713 tempore
1541 1661 1689 1702 minuti
1718 1660 1841 1704 unius

120 1727 294 1770 secundi
325 1728 373 1783 (⁰)
395 1728 549 1769 centies
579 1728 766 1772 recurrit.
828 1728 936 1770 Sunt
965 1728 1092 1784 igitur
1119 1728 1264 1784 pulsus
1298 1729 1393 1783 plus
1426 1730 1563 1771 minus
1595 1740 1761 1773 centum
1795 1733 1839 1774 in

120 1802 254 1858 spatio
281 1788 438 1858 pedum
468 1801 764 1845 Parisiensium
787 1806 912 1851 1070,
945 1816 1048 1857 quos
1076 1816 1202 1843 sonus
1231 1810 1420 1858 tempore
1448 1802 1598 1844 minuti
1628 1805 1751 1846 unius
1773 1820 1838 1847 se-

85 1901 87 1903 -
121 1874 249 1919 cundi
278 1872 506 1931 percurrit3
541 1872 718 1929 ideoque
747 1872 891 1927 pulsus
920 1886 1027 1913 unus
1056 1881 1233 1928 occupat
1252 1873 1431 1927 spatium
1451 1873 1605 1928 pedum
1630 1874 1838 1917 Parisien-

118 1946 223 1986 sium
247 1944 364 1999 quasi
386 1943 508 1995 105an
531 1944 575 1985 id
594 1952 673 1994 est,-
692 1943 863 2003 duplam
883 1943 1045 1984 circiter
1068 1942 1373 2000 longitudinem
1392 1943 1556 1985 fistulae.
1620 1945 1672 2000 (d)
1707 1946 1836 1988 Unde

117 2016 350 2060 verosimile
370 2024 434 2057 est
452 2016 566 2071 quod
585 2015 824 2057 latitudines
844 2016 1053 2070 pulsuum,
1075 2016 1118 2056 in
1138 2017 1325 2077 omnium
1344 2025 1581 2071 apertarum
1600 2018 1829 2062 fistularum

118 2090 243 2140 sonis,
275 2097 493 2146 aequentur
512 2088 650 2143 duplis
669 2087 996 2145 longitudinibus
1016 2087 1261 2129 fistularum.

177 2161 315 2203 Porro
341 2175 418 2213 cur
442 2161 534 2203 soni
559 2167 746 2202 cessante
778 2167 895 2200 motu
930 2158 1114 2213 corporis
1145 2159 1285 2200 sonori
1319 2160 1456 2201 statim
1490 2169 1664 2212 cessant,
1699 2176 1834 2218 neque

115 2231 273 2274 diutius
307 2232 534 2273 audiuntur
560 2231 634 2273 ubi
666 2229 905 2288 longissime
937 2230 1137 2271 distamus
1167 2245 1192 2271 a
1221 2232 1464 2286 cdrporibus
1494 2233 1667 2283 sonoris,
1708 2233 1832 2289 quem

116 2301 216 2344 esim
234 2301 424 2357 proxime
453 2302 662 2352 absumus,
693 2308 808 2356 patet
828 2315 882 2343 ex
914 2299 1146 2342 Corollario
1177 2300 1304 2355 Prop.
1327 2300 1522 2344 XLVII.
1553 2302 1674 2345 Libri
1692 2302 1830 2359 hujus.

993 2452 1143 2473 numerus
1174 2444 1256 2474 1070
1284 2451 1338 2481 per
1363 2444 1435 2477 243,
1465 2440 1567 2482 prodit
1595 2440 1704 2480 pulsus
1732 2441 1827 2472 unlus

159 2445 204 2488 (⁸)
223 2447 239 2465 ³
257 2447 380 2477 Invenit
401 2446 508 2486 utique
529 2446 574 2477 D.
593 2446 730 2476 Sauveur
751 2443 785 2474 in
812 2441 953 2474 Historia

994 2493 1128 2524 latitudo
1149 2492 1219 2532 ped.
1247 2492 1344 2522 Paris.
1369 2484 1418 2536 4}
1442 2493 1570 2528 circiter,
1596 2492 1628 2523 id
1649 2499 1704 2529 est,
1728 2493 1825 2533 dupla

118 2487 218 2518 Acade
238 2488 351 2518 Scient.
373 2487 472 2519 Paris.
489 2497 539 2518 an.
561 2491 654 2518 1700.

101 2564 106 2570 ·
161 2554 206 2597 (⁰)
224 2557 242 2575 ⁸
261 2558 378 2588 Centies
392 2558 534 2593 recurrit,
556 2557 616 2588 hoc
630 2563 676 2587 est
690 2562 816 2588 centum
832 2555 952 2587 oscilla-

116 2597 219 2628 tionae
232 2598 332 2629 exitu
351 2605 383 2629 et
402 2599 504 2629 reditu
528 2599 711 2640 compositas
735 2605 874 2638 tempore
892 2599 952 2629 mi-

116 2639 187 2670 nuti
201 2640 296 2671 unius
309 2641 438 2672 secundi
451 2641 590 2672 absolvit.
638 2641 729 2672 Idem
746 2642 790 2672 D.
811 2642 949 2671 Sauveur

114 2682 150 2711 in
174 2682 389 2714 Monumenfis
411 2684 510 2715 Acad.
531 2684 628 2715 Paris.
646 2694 696 2714 an.
717 2687 809 2715 1713.
827 2682 947 2714 oscilla-

115 2726 217 2773 tiones
234 2727 291 2755 101
307 2725 357 2756 vel
373 2729 432 2757 102
448 2736 504 2767 pro
518 2726 657 2768 ejusdem
673 2725 784 2757 fistulae
799 2735 876 2756 sono
890 2735 946 2766 po-

115 2773 188 2797 suit.

159 2832 202 2874 (⁴¹)
220 2835 238 2852 ⁶
263 2835 351 2865 Unde
364 2837 529 2867 verosimile
549 2842 602 2872 est,
624 2836 680 2866 &c-
723 2834 812 2866 Idem
835 2834 948 2866 conflr-

117 2882 222 2905 matur
247 2875 308 2906 alio
329 2878 538 2914 experimento
561 2878 698 2919 ejusdem
726 2878 770 2908 D.
798 2878 947 2915 Sauveur,

115 2917 170 2957 qui
186 2917 254 2947 loco
275 2927 347 2948 mox
370 2919 463 2949 citato
483 2921 600 2951 invenit
618 2921 700 2961 quod
716 2920 820 2950 fistula
833 2927 947 2960 aperta,

115 2959 207 3000 cujus
231 2959 396 3001 longitudo
418 2967 464 2991 est
490 2963 605 3001 pedum
634 2963 856 2993 parisiensium
878 2963 950 3002 plus

116 3002 222 3032 minus
248 3006 276 3037 2,
305 3012 418 3032 sonum
442 3003 506 3034 edit
527 3005 666 3046 ejusdem
687 3005 752 3035 toni
777 3015 851 3035 cum
873 2996 950 3035 soilo

112 3043 236 3074 chordae
250 3054 321 3085 quae
331 3048 407 3075 χ2413
428 3046 633 3078 oscillationes
656 3049 790 3088 integras
810 3053 947 3086 tempore

112 3086 227 3118 minuti
242 3087 336 3118 unius
349 3088 478 3118 secundi
491 3089 616 3128 perficit.
653 3090 747 3122 Unde
757 3090 783 3120 si
794 3089 948 3121 dividatur

994 2536 1114 2567 circiter
1128 2534 1291 2576 longitudo
1306 2535 1428 2566 fistulae.
1465 2535 1526 2566 Est
1536 2541 1641 2565 nutem
1655 2536 1688 2565 in
1703 2536 1827 2576 organis

994 2579 1198 2618 pneumaticis
1222 2577 1326 2608 fistula
1346 2584 1458 2617 aperta,
1484 2587 1555 2618 quae
1574 2583 1658 2617 patet
1678 2577 1711 2607 in
1733 2588 1825 2617 supe-

993 2621 1066 2651 riori
1080 2627 1112 2651 et
1125 2621 1225 2651 latiori
1251 2626 1399 2657 extremo,
1423 2620 1511 2651 alteri
1532 2630 1596 2660 quo
1616 2621 1668 2650 aet
1689 2620 1825 2652 fistulam

990 2663 1169 2704 ingreditur,
1187 2663 1337 2703 opposito.
1386 2663 1420 2694 si
1433 2662 1615 2693 occludatur
1635 2662 1747 2698 fistula,
1770 2672 1825 2694 oc-

989 2705 1061 2737 tavii
1071 2706 1195 2747 gravius
1209 2711 1306 2736 sonat.

1036 2750 1113 2779 Huc
1127 2758 1225 2789 usque
1239 2748 1279 2778 de
1289 2758 1365 2778 sono
1379 2747 1496 2779 directo
1509 2747 1600 2788 plura
1613 2747 1760 2786 diximus,
1781 2747 1823 2779 de

989 2790 1104 2822 reflexo
1118 2801 1218 2831 pauca
1230 2790 1429 2832 adjungenda
1442 2797 1525 2822 sunt.

1251 2919 1559 2951 PROPOSITIO.

1037 3010 1111 3037 320.
1146 3005 1248 3036 Sonus
1272 3004 1438 3044 percipitur
1460 3010 1609 3046 tanquam
1634 3014 1672 3036 ex
1692 3015 1733 3036 eo
1754 3004 1824 3036 loco

990 3050 1159 3088 procedens
1173 3058 1211 3078 ex
1227 3058 1289 3088 quo
1303 3048 1390 3088 quasi
1411 3053 1517 3078 centro
1538 3048 1647 3087 pulsus
1660 3048 1738 3079 aeris
1752 3058 1822 3087 pro-

989 3098 1152 3133 pagantur.
1201 3091 1330 3122 Constat
1343 3090 1540 3130 experientia.

935 3146 1002 3177 T4
