2066 3548
214 257 298 294 260
647 249 1096 294 PHILOSOPHIAE
1126 249 1493 298 NATURALIS
1548 249 1708 301 [Mor.
1732 249 1933 303 Comma}

215 372 300 407 tam
335 379 477 406 versus
509 365 642 420 spatia
667 365 738 407 illa
764 366 807 408 K
828 366 879 416 L,
914 366 957 407 N
986 366 1027 408 O
1056 366 1250 422 utrinque
1279 365 1368 415 sita,
1403 379 1526 420 quam
1560 378 1701 406 versus
1730 363 1932 419 pulsuum.

215 437 373 478 rariora
392 437 630 487 intervalla3
662 452 794 493 eoque
812 445 935 492 pacto
956 438 1272 492 rariussemper
1291 436 1469 477 evadens
1491 450 1513 476 e
1534 435 1704 492 regione
1733 433 1931 478 interval-

213 510 349 550 lorum
370 522 417 549 ac
438 507 604 549 densius
625 523 648 549 e
669 509 838 564 regione
857 508 1066 563 pulsuum,
1096 507 1361 562 participabit
1381 506 1608 548 eorundem
1638 514 1809 554 motum.
1870 505 1932 550 Et

214 581 409 637 quoniam
429 581 626 635 pulsuum
652 581 937 638 progressivus
962 587 1098 621 motus
1127 579 1256 620 oritur
1277 595 1300 620 a
1320 578 1520 635 perpetua
1549 578 1804 619 relaxatione
1829 570 1927 633 par-

213 654 317 696 tium
341 654 580 695 densiorum
599 669 742 696 versus
769 655 1053 697 antecedentia
1082 653 1297 696 intervalla
1324 655 1505 704 rariora3
1539 662 1580 696 et
1609 654 1752 709 pulsus
1781 653 1927 696 eadem

213 724 298 766 fere
333 720 545 766 celeritate
564 740 650 767 sese
670 725 715 767 in
735 725 860 768 medii
886 734 1024 781 partes
1052 725 1306 781 quiescentes
1334 725 1377 767 K
1398 725 1450 777 L,
1473 726 1517 767 N
1540 725 1580 767 O
1607 725 1705 767 hinc
1737 725 1846 767 inde--
1860 710 1943 767 r-e-'

214 795 356 836 laxare
376 794 529 836 debent
544 811 556 844 3
577 795 722 850 pulsus
743 796 804 837 illi
825 794 970 837 eadem
989 794 1075 837 fere
1095 795 1302 837 celeritate
1322 810 1411 837 sese
1431 796 1663 838 dilatabunt
1683 797 1865 853 undique
1883 797 1934 838 in-

214 867 345 922 spatia
364 866 535 909 immota
557 868 599 909 K
621 868 674 919 L,
698 869 741 910 N
763 868 818 917 O,
850 868 930 925 qua
960 876 1247 925 propagantur
1274 867 1429 909 directe
1449 883 1474 908 a
1494 877 1636 909 centro
1657 869 1719 917 A;
1751 868 1928 925 ideoque

214 939 391 994 spatium
410 947 543 994 totum
567 939 610 982 K
633 941 672 982 L
696 941 738 982 N
761 940 802 983 O
824 941 1100 995 occupabunt.
1151 940 1207 990 Q.
1222 955 1256 980 e.
1271 939 1312 980 d.
1373 938 1473 980 Hoc
1493 939 1728 994 experimur
1742 939 1785 980 in
1801 939 1925 991 sonis,

214 1013 285 1068 qui
305 1013 369 1054 vel
395 1021 536 1060 monte
559 1013 803 1070 interposito
826 1013 1062 1064 audiuntur,
1089 1012 1154 1054 vel
1180 1013 1223 1054 in
1247 1011 1484 1053 cubiculum
1507 1026 1581 1066 per
1607 1010 1829 1053 fenestram
1854 1011 1928 1053 ad-

213 1153 383 1193 posuimus,
421 1153 650 1184 demonstratur
685 1153 795 1192 pulsus
823 1154 862 1183 ab
894 1152 1054 1183 obstaculo

213 1196 306 1234 plano
326 1197 352 1226 Β
371 1197 408 1232 C,
426 1197 502 1237 (vid.
522 1196 575 1236 fig.
594 1201 659 1226 not.
679 1195 769 1234 293.)
792 1194 836 1225 ita
851 1195 1003 1234 repercuti
1017 1201 1054 1225 ut

214 1239 252 1267 sit
267 1238 403 1278 angulus
412 1237 585 1268 reflexionis
596 1237 723 1278 aequalis
735 1237 853 1278 angulo
864 1237 1049 1274 incidentiae,

215 1280 361 1319 idemque
383 1280 421 1310 sit
443 1280 537 1310 medii
562 1286 666 1310 motus
687 1286 755 1319 post
779 1279 975 1310 reflexionem
996 1280 1052 1320 qui

214 1322 442 1361 produceretur,
467 1322 491 1352 si
507 1323 615 1361 pulsus
630 1332 669 1352 ex
686 1328 791 1352 centro
807 1323 843 1352 H
859 1322 981 1352 sublato
997 1324 1052 1352 ob-

216 1365 345 1401 maculo,
363 1371 592 1404 propagaretur.

259 1407 318 1437 Sed
335 1414 369 1436 ut
384 1407 477 1446 hujus
495 1407 644 1437 Sectionis
656 1407 793 1438 doctrina
802 1418 873 1448 quae
884 1408 951 1438 soni
963 1408 1047 1447 phae-

214 1450 355 1479 nomenis
379 1449 568 1487 explicandis
596 1450 828 1480 accommodata
850 1456 905 1487 est,
936 1450 1049 1480 melius

214 1491 414 1531 intelligatur,
439 1492 589 1522 nonnulla
602 1492 642 1522 de
657 1492 766 1522 natura
780 1493 848 1523 soni
863 1498 893 1522 et
907 1492 946 1522 de
960 1497 1048 1522 motu

215 1543 379 1572 corporum
395 1534 605 1564 resonantium
620 1534 833 1574 praemittenda
847 1540 928 1565 sunt.

258 1580 330 1607 296.
359 1576 519 1606 Definitio.
546 1579 644 1608 Sonus
659 1579 791 1608 directus
805 1584 857 1614 est,
881 1577 934 1617 qui
948 1587 968 1606 a
983 1586 1051 1606 cor·

215 1628 289 1657 pore
304 1628 415 1648 sonoro
431 1618 469 1648 ad
484 1628 638 1659 organum
659 1619 784 1649 auditus
798 1618 881 1650 recta
897 1618 978 1648 linea
992 1619 1053 1648 fer·

216 1667 276 1691 tur.
323 1664 420 1691 Sonus
435 1662 562 1702 rqfleaeus
577 1663 631 1702 qui
645 1672 664 1691 a
678 1671 804 1700 corpore
819 1671 929 1695 sonoro
944 1661 976 1693 in
988 1661 1048 1691 alia

217 1713 343 1742 corpora
354 1702 460 1739 fertur,
477 1709 508 1734 et
522 1703 595 1734 inde
610 1702 649 1734 ad
664 1714 771 1734 aurem
785 1704 960 1735 reflectitur.

258 1749 332 1777 297.
359 1745 542 1784 Propositio.
579 1749 678 1777 Sonus
693 1753 735 1777 est
745 1749 973 1786 particularum
988 1757 1055 1777 cor-

211 1789 295 1828 poris
310 1790 478 1819 resonantis
490 1794 587 1819 motus
596 1791 746 1820 tremulus
754 1801 790 1820 ac
801 1790 978 1820 vibratorius
990 1790 1056 1819 a’e‘ri

217 1832 462 1861 communicatus
483 1837 510 1861 ει
525 1833 565 1860 ad
587 1842 676 1862 aures
700 1833 825 1862 delatus.
875 1832 957 1861 Haec
976 1831 1053 1860 Pro-

220 1872 330 1911 positio
352 1872 517 1902 notissimis
538 1873 755 1911 experimentis
770 1880 851 1903 certa
867 1879 920 1903 est.
970 1873 1054 1902 Nam

218 1924 346 1952 corpora
361 1924 422 1943 non
438 1921 581 1944 resonant
596 1914 653 1944 nisi
669 1916 887 1954 percutiantur,
912 1920 942 1945 et
955 1914 1053 1944 maxi-

217 1955 268 1985 me
282 1956 421 1986 omnium
438 1963 583 1987 resonant
594 1966 721 1995 corpora
736 1957 813 1987 dura
823 1956 915 1997 atque
930 1956 1053 1987 elastica

218 2008 351 2038 quorum
374 2004 474 2037 partes
496 1999 560 2029 ictu
582 1998 757 2035 flectuntur,
779 2006 810 2030 et
825 2000 936 2030 deinde
951 1998 1053 2029 visua

218 2039 342 2070 elastica
371 2041 518 2075 resiliunt,
550 2041 642 2081 atque
672 2041 713 2072 ita
741 2043 874 2072 tremulo
903 2052 938 2072 ac

218 2082 380 2112 vibratorio
396 2090 483 2113 motu
498 2083 662 2124 agitantur.
712 2084 939 2114 Particularum

219 2125 352 2163 corporis
373 2127 542 2155 resonantis
556 2126 714 2156 subsultus
729 2127 795 2157 visu
811 2134 841 2157 et
855 2132 939 2157 tactu

218 2167 401 2206 percipitur;
429 2168 540 2198 charta:
561 2168 692 2199 frustula
717 2169 836 2208 corpori
857 2179 940 2200 reso-

219 2210 304 2239 nanti
326 2209 490 2240 insidentia
511 2211 681 2241 subsultare
696 2212 792 2242 oculis
807 2221 938 2242 cernun-

222 2258 274 2282 tur
303 2258 333 2282 et
362 2251 486 2282 admota
514 2263 610 2283 manu
638 2254 770 2292 partium
799 2254 940 2285 fremitus

219 2294 358 2324 sentitur.
396 2294 516 2325 Verum
531 2295 556 2325 si
572 2295 648 2328 fides
662 2296 856 2327 instrumenti
872 2307 941 2327 mu-

220 2336 275 2367 sici
290 2343 376 2367 tensa
390 2346 453 2367 non
465 2337 567 2374 fuerit,
585 2338 656 2368 licet
667 2338 869 2370 oscillationes
878 2346 943 2370 tota.

220 2385 355 2419 peragat,
372 2390 482 2409 sonum
499 2390 561 2410 nou
576 2380 658 2419 edit;
682 2388 712 2412 et
726 2381 849 2421 forcipis
861 2382 942 2412 foca-

221 2421 275 2451 riae
301 2431 391 2452 crura
416 2421 520 2462 digitis
549 2424 711 2454 constricta
736 2431 767 2454 et
791 2423 946 2463 extempl&

222 2463 357 2499 dimissa,
381 2464 585 2495 oscillationes
607 2473 705 2505 agunt
720 2466 786 2496 sine
798 2476 892 2504 sono;
915 2472 947 2497 at

223 2506 246 2536 si
264 2506 431 2536 oscillando
453 2517 563 2545 corpus
585 2507 711 2547 aliquod
733 2509 846 2538 durum
869 2508 1057 2548 percutiunt.

223 2555 389 2586 resonant;
417 2559 455 2579 ex
476 2550 587 2589 quibus
610 2550 773 2581 deducitur
788 2561 898 2581 sonum
914 2561 977 2581 non
992 2549 1059 2580 solo

224 2592 319 2621 totius
329 2591 463 2629 corporis
474 2592 659 2622 oscillatorio
669 2599 766 2630 motu,
777 2593 830 2623 sed
840 2593 1058 2632 particularum

225 2632 321 2671 ipsius
335 2640 466 2663 tremore
481 2634 617 2672 produci.
669 2635 733 2666 Hic
756 2642 857 2666 motus
879 2636 942 2666 a‘eri
963 2635 1059 2665 conti·

225 2685 289 2715 guo
299 2677 548 2707 communicatur
559 2683 589 2707 et
598 2677 707 2715 pulsus
718 2677 830 2708 excitat
843 2677 946 2718 (294).
977 2676 1060 2708 Cum

226 2717 322 2756 prope
348 2728 461 2758 aquam
488 2725 683 2759 stagnantem
708 2727 890 2760 tympanum
914 2720 1059 2759 quatitur·

226 2760 387 2790 subsultus
401 2762 600 2792 observantur
615 2762 647 2792 in
663 2772 751 2802 aquae
767 2762 935 2801 superficie.
974 2763 1063 2792 Dum

227 2801 507 2834 instrumentorum
545 2804 735 2834 musicorum
772 2805 934 2843 pulsantur
966 2804 1061 2840 nervi,

229 2844 391 2882 pulvisculi
418 2846 471 2886 qui
496 2847 558 2876 aiiri
581 2847 724 2877 innatant
739 2853 770 2877 et
783 2847 870 2877 radio
887 2847 965 2877 Solis
985 2847 1065 2876 fiunt

229 2887 395 2926 conspicui,
428 2888 628 2919 conformiter
653 2889 693 2920 ad
715 2889 873 2919 fremitum
901 2898 1063 2919 nervorum

233 2930 403 2959 subsultare
419 2930 572 2961 videntur.
623 2931 654 2962 Si
671 2942 707 2962 ex
724 2931 845 2962 duabus
858 2931 979 2962 chordis
994 2942 1063 2961 mu-

231 2969 310 3006 sicus,
327 2972 537 3012 homogenciS‚
562 2974 732 3013 aequalibus
747 2981 778 3005 et
792 2984 879 3014 aeque
893 2973 988 3005 tensis
1003 2983 1066 3003 una

231 3010 371 3050 pulsetur
396 3021 431 3044 ut
453 3025 567 3045 sonum
596 3016 675 3052 edat,
707 3016 802 3047 altera
831 3017 939 3056 prioris
967 3015 1067 3046 vicina

231 3055 407 3084 concutitur
430 3063 460 3087 et
486 3057 626 3088 similiter
654 3065 785 3089 resonat.
835 3058 974 3090 Tandem
1001 3068 1064 3088 cor-

233 3105 307 3135 pora
329 3106 439 3127 sonora
464 3101 522 3129 sub
551 3100 702 3139 campana
731 3101 835 3132 antlioe
865 3101 1068 3141 pneumaticae

1095 1152 1194 1192 posita
1207 1158 1299 1193 atque
1315 1162 1466 1192 percussa,
1483 1151 1559 1182 dum
1575 1150 1716 1182 educitur
1731 1150 1791 1187 aiir,
1814 1160 1928 1181 sonum

1097 1195 1323 1236 languidiorem
1345 1195 1480 1225 reddunt
1494 1200 1525 1225 et
1539 1194 1688 1224 exhausto
1701 1194 1781 1230 aete,
1803 1192 1929 1224 nullum

1094 1237 1148 1278 qui
1176 1237 1270 1276 possit
1298 1237 1422 1276 percipi.
1465 1236 1525 1267 Est
1549 1236 1645 1276 igitur
1674 1237 1725 1266 ae'r
1749 1234 1943 1265 vehiculum'

1094 1279 1180 1310 soni:
1201 1287 1345 1321 ¹attamen
1368 1279 1462 1310 totius
1476 1279 1573 1309 aereae
1588 1278 1680 1308 molis
1693 1284 1797 1308 motus
1818 1277 1873 1317 qui
1893 1276 1928 1307 in

1097 1328 1188 1352 vento
1213 1322 1355 1357 cernitur,
1380 1332 1435 1361 per
1449 1331 1481 1351 se
1494 1321 1535 1351 ad
1557 1320 1793 1360 producendum
1815 1329 1929 1350 sonum

1097 1374 1161 1395 non
1186 1364 1274 1399 valet,
1303 1363 1356 1394 sed
1381 1363 1561 1395 vibramrius
1580 1362 1798 1402 particularum
1823 1368 1929 1392 motus

1101 1407 1173 1437 satis
1187 1406 1306 1437 validus
1321 1407 1506 1441 necessarius
1520 1411 1575 1436 est.

1136 1452 1206 1480 298.
1242 1449 1382 1480 Lemma.
1430 1450 1463 1480 Si
1485 1458 1653 1479 curvarum
1675 1449 1813 1478 duarum
1839 1447 1870 1477 A
1886 1449 1936 1483 B,-

1093 1492 1125 1522 A
1138 1494 1167 1523 P
1180 1493 1343 1523 abscissam
1358 1502 1552 1522 communem
1568 1491 1599 1520 A
1614 1492 1637 1521 S
1647 1491 1834 1526 habentium,
1850 1490 1930 1520 ordi-

1095 1540 1178 1565 natae
1201 1537 1223 1566 S
1236 1537 1277 1571 B,
1300 1536 1323 1564 S
1339 1536 1369 1565 P
1389 1535 1450 1565 sint
1471 1543 1587 1573 semper
1605 1535 1647 1563 ad
1666 1533 1794 1563 invicem
1808 1533 1842 1562 in
1855 1529 1930 1563 data

1095 1578 1223 1613 ratione,
1240 1578 1408 1607 imminutis
1422 1578 1458 1607 iis
1473 1577 1508 1606 in
1522 1577 1677 1618 infinitum
1691 1582 1728 1606 ut
1743 1584 1844 1605 cur-va
1859 1579 1930 1605 tam

1096 1621 1164 1649 dem
1186 1621 1356 1650 coincidunt
1379 1629 1451 1649 cum
1473 1629 1526 1648 axe
1542 1619 1573 1648 A
1589 1620 1618 1651 S,
1642 1618 1699 1648 erit
1720 1618 1829 1647 ultima
1851 1617 1929 1647 meio

1092 1667 1267 1692 curvatura
1282 1663 1387 1691 eadem
1401 1672 1469 1701 quae
1483 1662 1704 1691 ordinatarum.
1732 1658 1806 1689 Duc
1817 1667 1932 1688 novam

1092 1703 1262 1734 ordinatam
1279 1714 1294 1733 s
1307 1713 1328 1742 p
1343 1703 1443 1733 curvis
1457 1708 1667 1733 occurrentem
1684 1701 1749 1740 inp
1759 1707 1791 1731 et
1802 1702 1834 1738 b,
1849 1699 1935 1732 etad

1098 1753 1214 1785 puncta
1232 1747 1260 1776 B
1276 1753 1306 1776 et
1324 1746 1352 1776 P
1366 1746 1427 1775 duc
1449 1751 1611 1785 tangentes
1633 1749 1827 1786 occurrentes
1848 1742 1931 1773 ordi-

1099 1794 1180 1818 natae
1194 1788 1329 1817 novaein
1348 1788 1373 1818 C
1389 1794 1420 1817 et
1433 1798 1460 1818 c.
1509 1787 1593 1817 Tum
1608 1788 1648 1817 ob
1663 1785 1765 1816 datam
1775 1784 1931 1821 ordinata-

1097 1840 1168 1859 rum
1183 1830 1343 1866 rationein,
1367 1835 1529 1870 tangentes
1542 1828 1701 1867 productae
1713 1827 1754 1858 ad
1767 1827 1851 1858 idem
1864 1827 1933 1858 axia

1097 1878 1249 1910 punctum
1267 1872 1296 1901 T
1311 1877 1495 1901 concurrent
1511 1874 1598 1912 (256.
1615 1870 1686 1900 Lib.
1702 1869 1748 1909 Ῐ.)
1764 1868 1879 1900 et‘ide6
1890 1870 1931 1900 ob

1097 1913 1296 1952 parallelasS
1315 1912 1842 1949 B,sC‚eritsC:sc=SB:
1864 1911 1931 1943 SP

1098 1962 1130 1986 et
1154 1959 1223 1997 (per
1250 1956 1356 1996 Hyp.)
1386 1956 1407 1986 S
1430 1956 1483 1986 B:
1506 1955 1528 1985 S
1552 1955 1669 1986 P=s
1690 1956 1821 1993 bzsp3
1846 1953 1936 1985 unde

1094 1999 1413 2039 sczsc=sb2sp
1434 1997 1936 2037 :sc—sbzsc—n·p=
1964 1997 1972 2005 ⁶

1102 2493 1324 2532 bczpc=
1343 2492 1932 2535 SBfflRcoincidautjamordinm

1102 2541 1143 2565 1ae
1164 2545 1180 2564 s
1193 2537 1224 2571 b,
1243 2536 1264 2566 S
1283 2536 1321 2573 B,
1345 2542 1377 2566 et
1401 2536 1524 2567 lineolae
1542 2543 1755 2568 evanescentes
1777 2537 1798 2566 b
1816 2536 1854 2574 C,
1869 2546 1934 2576 p-oj

1105 2584 1197 2608 erunt
1221 2580 1372 2609 subtensae
1401 2579 1589 2619 angulorum
1612 2578 1772 2610 contactus
1796 2580 1817 2609 b
1840 2579 1870 2610 B
1895 2578 1935 2617 C,

1104 2630 1126 2659 p
1144 2621 1171 2650 P
1186 2630 1213 2658 c,
1229 2626 1260 2650 et
1273 2620 1420 2651 ordinatis
1436 2622 1458 2651 S
1476 2622 1514 2657 B,
1533 2622 1555 2652 S
1571 2621 1600 2652 P
1614 2621 1647 2652 in
1661 2620 1820 2651 infinitum
1841 2620 1936 2653 dini*

1105 2662 1199 2699 nutis,
1215 2668 1251 2693 ut
1265 2673 1364 2693 curvae
1378 2663 1504 2694 tandem
1513 2663 1686 2694 coincidunt
1700 2673 1772 2694 cum
1782 2673 1844 2694 ιιι
1855 2662 1936 2701 A-s,

1106 2706 1258 2735 subtensae
1270 2705 1331 2735 illae
1342 2705 1608 2744 perpendiculares
1618 2705 1747 2736 evadent
1761 2699 1801 2737 id
1815 2715 1935 2743 ωιτη,-

1107 2746 1221 2787 fietque
1237 2748 1266 2778 B
1281 2749 1302 2778 b
1317 2747 1442 2788 aequalis
1458 2747 1487 2778 P
1500 2759 1532 2788 p.
1575 2748 1635 2779 Sed
1650 2748 1683 2778 in
1695 2748 1755 2780 bec
1763 2747 1935 2788 hypodia-i,

1107 2815 1215 2861 anguli
1241 2814 1400 2846 contactus
1422 2821 1496 2846 sunt
1518 2815 1558 2847 ad
1582 2816 1714 2847 invicem
1738 2821 1775 2848 ut
1794 2790 1867 2840 *LE
1895 2812 1938 2847 αἱ

1798 2843 1827 2874 Β
1838 2837 1872 2874 b'

1109 2892 1170 2974 ἒξ
1181 2910 1267 2950 (154.
1280 2907 1349 2940 Lib.
1363 2909 1421 2949 1.),
1433 2909 1493 2940 hoc
1501 2916 1555 2946 est.
1566 2916 1602 2941 ut
1615 2912 1636 2941 b
1648 2910 1674 2942 c
1683 2909 1723 2941 ad
1733 2920 1755 2950 p
1763 2920 1792 2942 c.
1831 2907 1939 2948 Quot

1109 2982 1281 3007 curvaturae
1296 2977 1327 3006 in
1343 2976 1371 3007 B
1386 2982 1418 3007 et
1435 2976 1470 3012 P,
1487 2987 1556 3018 quae
1567 2977 1691 3019 angulis
1701 2977 1939 3018 contactfispro·

1111 3019 1295 3058 portionales
1309 3025 1382 3049 sunt
1404 3019 1491 3060 (122.
1513 3020 1583 3051 Lib.
1605 3020 1651 3059 1.)
1674 3021 1767 3051 erunt
1787 3018 1940 3052 sumenda

1110 3062 1132 3092 b
1151 3062 1187 3097 C,
1203 3071 1223 3100 p
1238 3071 1265 3096 c,
1288 3070 1323 3092 ac
1343 3061 1472 3100 proinde
1498 3064 1550 3102 (ex
1565 3061 1666 3104 dem.)
1689 3062 1836 3094 ordin-ti·
1859 3061 1882 3093 S
1898 3061 1939 3100 B,

1115 3104 1135 3133 S
1154 3104 1181 3134 P
1197 3103 1443 3143 proportionales.
1494 3105 1534 3140 Q.
1549 3115 1575 3136 e.
1594 3104 1625 3136 d.

2058 1615 2066 1671 hm..
2060 1547 2066 1608 -εᾼ
2061 1515 2066 1538 μ.
2062 1475 2066 1487 n
