2066 3548
158 241 307 284 ann
323 242 540 294 Saeuum]
582 241 900 284 PRINCIPIA
931 241 1425 296 MATHEMATICA.
1776 249 1856 288 187

156 357 222 399 vel
244 362 296 399 10
315 355 368 398 ad
390 363 409 400 1
434 357 607 400 circiter.
670 356 754 400 Sed
776 356 1058 411 experimento
1076 357 1206 412 priori
1234 357 1365 413 magis
1384 356 1599 399 fidendum
1627 365 1701 407 est,
1729 373 1855 412 prop-

155 418 269 470 terea
287 429 401 485 quod
419 429 463 471 in
482 429 547 470 his
567 429 720 470 ultimis
738 443 809 469 vas
827 428 950 469 nimis
969 436 1188 485 angustum
1217 429 1295 471 fuit
1323 444 1403 484 pro
1429 429 1714 487 magnitudine
1741 430 1855 486 globi

152 499 346 541 immersi.
405 499 616 555 Ampliato
648 499 785 556 globo,
821 498 991 542 deberet
1022 499 1144 541 etiam
1175 515 1247 541 vas
1286 500 1487 555 ampliari.
1548 499 1855 542 constitueram

152 569 319 626 quidem
351 569 588 626 hujusmodi
617 569 898 624 experimenta
925 570 969 610 in
994 570 1101 611 vasis
1127 570 1350 626 majoribus
1371 579 1413 612 et
1431 571 1475 612 in
1501 570 1730 626 liquoribus
1764 578 1853 612 tum

150 640 411 682 metallorum
429 640 625 690 susorum,
657 647 744 680 tum
765 639 853 681 aliis
872 641 1118 694 quibusdam
1136 648 1222 682 tam
1241 642 1384 683 calidis
1404 657 1529 697 quam
1547 641 1708 698 frigidis
1733 657 1852 697 repe-

149 719 260 754 tere:
281 711 354 753 sed
373 711 510 753 omnia
528 710 708 766 experiri
730 725 815 752 non
834 719 964 762 vacat,
987 719 1029 753 et
1047 725 1100 753 ex
1113 712 1202 767 jam
1221 711 1435 766 descriptis
1455 712 1552 753 satis
1572 712 1702 767 liquet
1728 712 1851 754 resis-

93 779 97 782 ’
149 785 319 828 tentiam
337 799 557 840 corporum
577 784 763 826 celeriter
782 792 989 826 motorum
1007 784 1200 826 densitati
1217 784 1440 826 fluidorum
1458 784 1503 824 in
1514 784 1663 840 quibus
1672 798 1850 826 moven-

148 866 217 899 tur
235 857 586 912 proportionalem
607 872 695 899 esse
716 871 839 913 quam
856 856 1059 911 proxime.
1112 857 1211 899 Non
1231 857 1327 899 dico
1346 857 1549 900 accurate.
1599 856 1711 899 Nam
1724 858 1853 901 fluida

148 930 369 980 tenaciora,
390 931 483 985 pari
502 930 716 980 densitate,
737 929 1011 985 proculdubio
1031 931 1160 987 magis
1180 930 1377 973 resistunt
1395 930 1519 987 quam
1538 930 1773 987 liquidiora,
1803 937 1853 971 ut

147 1002 286 1044 oleum
304 1002 500 1059 frigidum
528 1017 650 1059 quam
670 1002 862 1052 calidum,
899 1002 1076 1044 calidum
1097 1001 1221 1059 quaim
1239 1018 1346 1060 aqua
1364 1004 1566 1059 pluvialis,
1602 1019 1710 1059 aqua
1728 1001 1852 1060 quam

147 1074 312 1128 spiritus
331 1073 428 1114 vini.
488 1073 646 1114 Verum
664 1073 708 1114 in
726 1073 967 1129 liquoribus,
998 1073 1069 1129 qui
1089 1073 1143 1114 ad
1170 1088 1336 1116 sensum
1355 1061 1458 1116 satis·
1470 1074 1589 1115 fluidi
1604 1082 1720 1125 sunt,
1741 1083 1790 1116 ut
1807 1075 1851 1116 in

146 1146 254 1194 aere,
274 1145 319 1185 in
338 1143 453 1200 aqua*
465 1159 537 1185 seu
556 1144 667 1185 dulci
685 1159 759 1186 seu
777 1143 895 1194 salsa,
917 1144 960 1184 in
980 1144 1188 1198 spiritibus
1208 1145 1304 1195 vini,
1326 1145 1547 1187 terebinthi
1566 1153 1608 1187 et
1626 1145 1786 1196 salium,
1806 1146 1852 1186 in

146 1216 239 1258 oleo
258 1232 284 1257 a
301 1216 471 1258 faecibus
499 1231 575 1271 per
603 1216 912 1259 distillationem
931 1216 1106 1259 liberato
1125 1226 1167 1259 et
1186 1218 1394 1268 calefacto,
1426 1219 1601 1274 oleoque
1629 1218 1782 1260 vitrioli
1810 1226 1852 1260 et

144 1291 362 1342 mercurio,
393 1305 442 1332 ac
461 1290 636 1332 metallis
655 1290 896 1346 liquefactis,
918 1299 960 1332 et
980 1291 1015 1332 si
1034 1291 1106 1346 qui
1125 1291 1207 1332 sint
1226 1291 1308 1341 alii,
1339 1291 1411 1347 qui
1429 1300 1514 1333 tam
1532 1291 1649 1332 fluidi
1679 1300 1776 1333 sunt
1804 1300 1852 1333 ut

145 1364 188 1404 in
207 1363 313 1405 vasis
333 1363 474 1420 agitati
493 1371 652 1404 motum
671 1364 916 1417 impressum
942 1362 1095 1403 diutius
1126 1369 1381 1412 conservent,
1414 1362 1614 1418 effusique
1638 1361 1850 1404 liberrime

143 1434 188 1474 in
218 1442 355 1491 guttas
385 1434 644 1475 decurrendo
670 1435 939 1485 resolvantm·,
975 1433 1113 1474 nullus
1142 1433 1286 1475 dubito
1315 1434 1416 1489 quin
1446 1434 1588 1490 regula
1607 1434 1731 1476 allata
1751 1435 1849 1476 satis

145 1509 335 1551 accurate
361 1509 566 1550 obtineat:
606 1508 834 1563 praesertim
863 1508 898 1549 si
927 1507 1208 1562 experimenta
1238 1506 1282 1547 in
1308 1500 1553 1562 corporibus
1585 1506 1778 1562 pendulis
1807 1515 1850 1549 et

143 1581 367 1636 majoribus
386 1590 428 1623 et
442 1581 621 1623 velocius
640 1581 761 1622 motis
780 1581 1056 1623 instituantur.

199 1652 393 1707 Denique
413 1649 508 1693 cum
527 1652 820 1693 nonnullorum
838 1653 979 1707 opinio
1005 1652 1068 1702 sit,
1103 1651 1286 1694 medium
1319 1651 1529 1707 quoddam
1549 1651 1777 1694 aethereum
1806 1660 1848 1694 et

142 1723 265 1781 longe
280 1724 588 1766 subtilissimum
601 1732 754 1775 extare,
776 1724 887 1780 quod
901 1739 1044 1766 omnes
1058 1725 1243 1766 omnium
1259 1740 1479 1780 corporum
1490 1740 1616 1781 poros
1632 1734 1673 1767 et
1687 1734 1846 1767 meatus

131 1793 350 1836 *liberrime
378 1802 586 1850 permeet3
622 1810 648 1836 a
666 1795 738 1837 tali
757 1803 897 1836 autem
915 1795 1053 1837 medio
1071 1810 1148 1850 per
1167 1810 1389 1851 corporum
1406 1811 1532 1851 poros
1551 1797 1706 1838 fluente
1725 1796 1847 1838 resis-

142 1867 269 1908 tentia
287 1867 387 1908 oriri
406 1867 574 1908 debeat:
606 1875 652 1909 ut
680 1875 880 1909 tentarem
899 1882 954 1909 an
972 1868 1215 1919 resistentia,
1244 1883 1369 1924 quam
1388 1868 1433 1909 in
1450 1869 1573 1910 motis
1604 1870 1846 1924 corporibus

143 1938 392 1993 experimur,
423 1946 508 1979 tota
530 1939 582 1980 sit
601 1939 644 1980 in
664 1954 808 1981 eorum
827 1939 999 1981 externa
1020 1939 1250 1994 superficie,
1281 1955 1334 1980 an
1353 1955 1451 1981 vero
1470 1948 1608 1995 partes
1630 1941 1752 1982 etiam
1781 1941 1846 1980 in-

143 2018 272 2052 ternae
291 2011 335 2051 in
354 2011 646 2065 superficiebus
665 2012 843 2066 propriis
863 2011 1132 2053 resistentiam
1155 2012 1378 2066 notabilem
1398 2013 1589 2063 sentiant,
1611 2012 1846 2067 excogitavi

143 2081 470 2136 experimentum
490 2081 583 2122 tale.
606 2123 608 2125 ,
643 2081 736 2122 Filo
764 2081 916 2136 pedum
946 2081 1137 2122 undecim
1156 2081 1424 2138 longitudinis
1445 2083 1498 2124 ab
1517 2098 1626 2124 unco
1646 2082 1845 2139 chalybeo

86 2205 90 2208 ι
143 2153 240 2195 satis
259 2153 394 2204 firmo,
423 2153 633 2194 mediante
652 2152 806 2194 annulo
825 2153 1037 2209 chalybeo,
1069 2153 1368 2208 suspendebam
1397 2153 1596 2209 pyxidem
1627 2155 1845 2211 abiegnam

142 2224 375 2275 rotundam,
409 2223 463 2265 ad
492 2223 823 2266 constituendum
854 2224 1083 2279 pendulum
1115 2224 1383 2280 longitudinis
1409 2225 1633 2283 praedictae.
1696 2226 1844 2268 Uncus

143 2309 307 2336 sursum
324 2303 557 2350 praeacutus
578 2302 666 2336 erat
684 2295 770 2336 acie
791 2294 983 2345 concava,
1018 2303 1065 2336 ut
1084 2294 1260 2336 annulus
1287 2310 1385 2336 arcu
1412 2310 1487 2337 suo
1512 2297 1722 2351 superiore
1742 2297 1845 2338 aciei

141 2354 543 2407 annixus'lib'errime
561 2374 806 2408 moveretur.
865 2366 997 2408 Arcui
1016 2374 1153 2408 autem
1179 2365 1363 2408 inferiori
1391 2369 1684 2411 annectebatur
1713 2370 1842 2411 filum.

142 2436 379 2479 Pendulum
397 2437 455 2479 ita
473 2437 742 2479 constitutum
762 2436 1018 2479 deducebam
1037 2453 1063 2478 a
1081 2437 1377 2493 perpendiculo
1397 2439 1451 2480 ad
1471 2439 1707 2482 distantiam
1727 2442 1844 2498 quasi

139 2513 295 2568 pedum
314 2529 404 2565 sex,
438 2514 562 2570 idque
583 2514 808 2564 secundum
826 2514 996 2569 planum
1016 2515 1118 2556 aciei
1137 2515 1234 2556 unci
1251 2514 1609 2570 perpendiculare,
1638 2527 1693 2554 ne
1712 2527 1844 2554 annu-

141 2582 224 2633 lus,
254 2583 464 2626 oscillante
478 2583 674 2639 pe'ndulo,
697 2599 823 2639 supra
843 2585 971 2626 aciem
992 2585 1089 2627 unci
1107 2585 1217 2627 ultro
1237 2585 1424 2642 citroque
1451 2585 1672 2626 laberetur.
1732 2583 1844 2625 Nam

140 2661 340 2708 punctum
360 2655 650 2710 suspensionis,
671 2655 715 2695 in
735 2653 818 2710 quo
837 2655 1010 2696 annulus
1027 2670 1179 2697 uncum
1193 2656 1338 2713 tangit,
1358 2656 1574 2696 immotum
1590 2668 1756 2695 manere
1771 2654 1844 2695 de-

142 2725 226 2766 bet.
269 2725 428 2767 Locum
440 2726 566 2784 igitur
581 2727 770 2768 accurate
781 2728 989 2779 notabam,
1010 2728 1064 2770 ad
1084 2743 1207 2785 quem
1219 2728 1473 2770 deduxeram
1484 2726 1725 2782 pendulum,
1742 2714 1844 2768 'dein

143 2794 326 2849 pendulo
353 2796 530 2838 demisso
560 2798 755 2839 notabam
775 2798 855 2839 alia
872 2799 951 2840 tria
969 2799 1062 2840 loca
1080 2799 1135 2841 ad
1154 2814 1248 2855 quae
1267 2799 1428 2840 redibat
1447 2798 1490 2838 in
1510 2797 1595 2838 fine
1624 2797 1845 2838 oscillatio-

142 2867 206 2909 nis
226 2868 384 2922 primae,
406 2869 596 2910 secundae
617 2884 664 2911 ac
684 2870 832 2911 tertiae.
893 2870 994 2912 Hoc
1013 2871 1250 2927 repetebam
1270 2870 1434 2925 saepius,
1455 2876 1503 2910 ut
1520 2868 1612 2909 loca
1630 2868 1701 2909 illa
1720 2883 1844 2924 quam

140 2938 258 2993 potui
291 2939 590 2982 accuratissime
620 2935 859 2982 invenirem.
919 2942 1032 2983 Tum
1064 2942 1263 2999 pyxidem
1295 2940 1471 2996 plumbo
1502 2948 1544 2981 et
1573 2939 1842 2996 gravioribus,

142 3025 236 3065 quae
255 3009 309 3050 ad
328 3024 475 3051 manus
493 3020 622 3062 erant,
644 3013 820 3054 metallis
839 3013 1072 3069 implebam.
1118 3013 1200 3056 Sed
1212 3013 1326 3068 prius
1346 3011 1629 3067 ponderabam
1646 3010 1844 3067 pyxidem

143 3094 326 3130 vacuam,
362 3079 442 3122 una
467 3096 560 3123 cum
583 3091 699 3137 parte
730 3083 790 3125 fili
820 3099 912 3140 quae
947 3086 1099 3127 circum
1127 3085 1324 3141 pyxidem
1348 3084 1588 3126 volvebatur
1606 3098 1655 3125 ac
1675 3082 1845 3124 dimidio
