2066 3548
1743 126 1749 150 'i

115 270 264 315 Lmen
285 271 502 322 Saeuum]
543 269 863 316 PRINCIPIA
894 269 1384 313 MATHEMATch.
1739 276 1817 312 301

108 384 158 439 ,(1)
179 392 302 428 erunt
318 383 502 440 partium
523 385 781 442 singularum
809 392 998 440 tempora
1025 385 1240 440 periodica
1259 394 1306 428 ut
1323 385 1507 440 ipsarum
1536 385 1742 426 distantiae
1770 385 1824 426 ab

113 472 193 499 axe
212 458 509 514 cylindrorum.

173 530 304 570 Cor-ol.
336 536 375 571 3.
427 530 472 572 Si
511 529 699 586 cylindro
741 536 783 571 et
808 528 940 570 fluido
971 528 1025 570 ad
1053 528 1166 572 hunc
1196 529 1368 570 modum
1396 529 1519 571 motis
1552 528 1730 570 addatur
1758 527 1824 569 vel

111 599 320 642 auferatur
349 603 580 643 communis
609 601 783 658 quilibet
810 609 948 642 motus
978 601 1211 658 angularis3
1248 602 1444 658 quoniam
1464 602 1546 643 hoc
1565 616 1679 643 novo
1706 609 1824 642 motu

41 724 44 728 .
110 656 199 712 non
218 679 401 713 mutatur
420 672 585 713 attritus
605 679 773 713 mutuus
791 671 973 727 partium
1000 671 1131 722 fluidi,
1166 686 1252 713 non
1281 672 1554 714 mutabuntur
1572 679 1709 713 motus
1727 685 1823 726 par-

109 745 214 786 tium
233 745 341 786 inter
360 760 417 787 se.
478 746 589 787 Nam
604 746 896 787 translationes
915 745 1098 800 partium
1115 745 1170 787 ab
1189 745 1366 786 invicem
1385 746 1572 800 pendent
1590 746 1643 787 ab
1663 746 1819 786 attritu.

111 817 215 859 Pars
235 817 431 873 quaelibet
450 818 494 859 in
515 833 565 860 eo
584 818 865 874 perseverabit
882 825 1013 868 motu,
1037 817 1120 874 qui,
1151 818 1295 859 attritu
1314 818 1510 874 utrinque
1530 818 1574 858 in
1595 818 1822 859 contrarias

107 896 244 945 partes
263 890 386 942 facto,
409 906 495 932 non
510 892 642 949 magis
662 891 915 933 acceleratur
933 888 1058 947 quam
1076 890 1322 932 retardatur.

168 963 300 1004 Corol.
321 970 362 1005 4.
406 964 533 1007 Unde
553 966 587 1006 si
607 965 683 1007 toti
703 964 985 1021 cylindrorum
1005 971 1047 1005 et
1064 962 1183 1004 fluidi
1212 961 1426 1019 systemati
1444 962 1655 1004 auferatur
1682 969 1820 1003 motus

107 1035 243 1076 omnis
271 1037 480 1093 angularis
511 1037 687 1094 cylindri
706 1037 934 1087 exterioris,
966 1035 1019 1092 (¹)
1038 1035 1258 1079 habebitur
1275 1042 1413 1077 motus
1432 1035 1551 1077 fluidi
1569 1036 1613 1076 in
1633 1033 1821 1091 cylindro

115 1115 364 1162 quiescente.
1229 1160 1233 1164 ῃ

168 1180 300 1221 Corol.
324 1185 363 1222 5.
396 1179 532 1237 Igitur
552 1181 587 1222 si
604 1179 735 1222 fluido
755 1188 797 1222 et
817 1180 1004 1237 cylindro
1023 1179 1228 1223 exteriore
1243 1176 1565 1242 quiescentibus,
1586 1175 1821 1217 revolvatur

108 1250 322 1307 cylindrus
351 1252 524 1294 interior
553 1252 834 1303 uniformiter3
867 1253 1239 1295 communicabitur
1267 1260 1404 1294 motus
1434 1249 1644 1292 circularis
1674 1248 1818 1298 fluido,

107 1331 150 1365 et
177 1324 378 1378 paulatim
402 1339 477 1380 per
503 1333 635 1367 totum
665 1325 840 1367 fluidum
871 1325 1191 1383 propagabitur3
1225 1338 1303 1366 nec
1334 1324 1452 1380 prius
1483 1322 1645 1364 desinet
1678 1320 1821 1378 augeri

108 1409 233 1451 quam
265 1396 384 1438 fluidi
416 1405 556 1453 partes
587 1397 763 1455 singulae
793 1400 953 1440 motum
985 1397 1220 1440 Corollario
1254 1404 1402 1454 quarto
1437 1388 1656 1438 definitum
1686 1394 1730 1450 (¹)
1752 1408 1820 1436 ac-

107 1466 286 1522 quirant.
1351 1479 1355 1482 ’

168 1539 300 1580 Corol.
323 1544 363 1580 6.
397 1538 455 1580 Et
474 1539 671 1596 quoniam
690 1539 866 1581 fluidum
886 1547 1060 1581 conatur
1078 1547 1240 1581 motum
1260 1553 1382 1580 suum
1411 1538 1549 1580 adhuc
1566 1537 1691 1580 latius
1719 1551 1819 1592 pro-

106 1624 274 1666 pagare,
296 1610 420 1666 hujus
440 1611 599 1666 impetu
619 1612 920 1670 circumagetur
939 1612 1063 1654 etiam
1083 1612 1294 1668 cylindrus
1315 1611 1496 1652 exterior
1515 1610 1596 1651 nisi
1617 1610 1818 1651 violenter

107 1681 322 1730 detentus3
353 1689 394 1722 et
412 1682 707 1723 accelerabitur
727 1683 814 1738 ejus
834 1690 970 1724 motus
1000 1683 1062 1738 (¹¹¹)
1084 1682 1222 1738 quoad
1242 1697 1372 1738 usque
1392 1689 1581 1736 tempora
1599 1681 1814 1736 periodica

107 1752 283 1808 cylindri
303 1753 520 1809 utriusque
539 1762 759 1809 aequentur
779 1754 887 1795 inter
906 1769 963 1795 se.
1024 1753 1153 1802 Quod
1174 1753 1209 1794 si
1229 1751 1440 1808 cylindrus
1460 1751 1642 1793 exterior
1661 1751 1818 1792 violen-

106 1832 171 1865 ter
190 1824 434 1875 detineatur,
457 1826 674 1867 conabitur
692 1826 728 1866 is
745 1835 907 1879 motum
920 1826 1038 1867 fluidi
1057 1825 1267 1868 retardare
1278 1840 1291 1875 3
1320 1834 1362 1867 et
1381 1825 1461 1866 nisi
1481 1824 1692 1881 cylindrus
1712 1825 1817 1866 inte-

107 1937 224 1974 cedere,
239 1943 286 1968 est
298 1944 335 1969 ut
349 1938 457 1970 eadem
472 1939 648 1979 superficies
658 1938 774 1971 directe
783 1945 815 1970 et
826 1939 942 1970 distan-

107 1981 151 2010 tia
166 1980 232 2020 ejus
247 1982 286 2011 ab
299 1991 356 2011 axe
371 1979 500 2016 inverse,
517 1988 549 2012 et
562 1981 633 2012 ides)
646 1982 720 2014 data
734 1988 789 2013 est.

153 2021 193 2062 (¹)
227 2025 244 2042 *
274 2025 384 2054 Ervum
407 2025 550 2063 partium
581 2025 780 2063 singularum
808 2030 942 2063 tempora

105 2066 260 2104 periodica
281 2071 329 2102 ut,
356 2066 412 2095 δια
464 2065 564 2101 Patet,
587 2065 660 2105 quia
679 2065 836 2105 cylindrus
857 2072 940 2096 exte-

109 2107 172 2136 rior
192 2107 339 2137 uniformi
363 2107 524 2137 velocitate
545 2114 649 2137 motus
670 2107 775 2137 locum
790 2114 875 2137 tenet
889 2118 942 2137 su-

108 2149 242 2188 perficiei
258 2149 442 2189 cylindricae,
457 2159 528 2191 quae
536 2149 570 2179 in
582 2149 841 2181 demonstratione
854 2150 942 2183 adhi-

108 2191 174 2222 bita
187 2198 241 2222 est.
364 2200 371 2212 ³

154 2233 201 2275 (ἱ)
219 2236 237 2252 *
255 2235 426 2265 Habebitur
440 2231 643 2283 moluefluidi
656 2236 688 2266 in
704 2235 840 2275 cylindro
855 2236 938 2274 quie-

110 2283 218 2307 scente.
269 2277 315 2307 Sit
342 2277 372 2307 E
391 2276 425 2307 K
442 2277 471 2307 P
495 2276 653 2317 cylindrus
677 2277 818 2311 exterior,
843 2275 940 2317 -cujus

110 2324 233 2357 tempus
254 2318 447 2358 periodicum
473 2318 504 2348 in
530 2319 688 2359 hypothesi
721 2319 882 2351 Corollarii
905 2323 934 2349 2.

110 2360 230 2391 dicatur
251 2367 266 2392 t
289 2362 339 2399 E;
365 2368 397 2392 et
419 2361 566 2401 quoniam
593 2362 628 2391 in
646 2361 754 2392 eadem
778 2362 938 2401 hypothesi

110 2403 284 2434 velocitates
305 2404 524 2443 particularum
545 2404 694 2438 absolutae
716 2404 940 2444 suntAaequales

113 2447 183 2486 (per
209 2446 281 2477 Cor.
311 2446 368 2486 l.),
398 2446 530 2487 singule
557 2446 620 2477 inae
647 2446 807 2486 particulae
841 2446 940 2485 spatia

111 2488 242 2528 aequalia
255 2488 364 2519 eodem
378 2495 516 2527 tempore
529 2494 543 2519 t
558 2489 589 2520 E
605 2488 786 2524 describent.
807 2489 867 2519 hoc
882 2494 936 2526 est,

112 2530 210 2569 spatia
223 2531 352 2571 aequalia
372 2531 553 2570 peripheriae
569 2532 600 2562 Ε
619 2531 653 2562 Κ
671 2532 709 2568 Ρ,
732 2541 824 2572 quarn
839 2541 938 2570 punc-

111 2578 180 2603 tum
197 2572 228 2602 E
243 2579 379 2613 tempore
393 2580 406 2603 t
423 2573 452 2603 E
468 2574 624 2612 percurrit.
671 2574 745 2606 Jam
767 2574 792 2604 si
814 2574 869 2604 toti
884 2584 936 2613 cy-

111 2613 284 2645 lindrorum
309 2622 341 2646 et
358 2615 453 2646 *fluidi
475 2616 632 2655 systemati
654 2617 811 2647 auferatur
834 2622 937 2647 motus

112 2657 213 2687 omnis
226 2657 390 2698 augularis,
438 2659 578 2699 Cylindri
589 2659 765 2696 exterioris;
785 2668 824 2689 ex
839 2659 937 2698 spatio

115 2699 146 2729 E
169 2699 202 2729 K
220 2699 258 2735 P,
284 2702 368 2740 quod
387 2701 519 2742 singulae
540 2701 698 2740 particulae
722 2707 859 2740 tempore
879 2707 894 2732 t
907 2702 937 2732 E

112 2741 298 2779 dem-ibunt,
323 2743 490 2778 auferenda
510 2744 570 2777 ,erit
591 2745 712 2785 integra
731 2743 839 2775 circuli
857 2744 939 2784 peri-

111 2784 228 2823 pheria,
239 2794 332 2824 quam
345 2785 495 2824 particula
514 2787 660 2828 quaelibet
680 2786 806 2817 seorsim
827 2785 939 2817 descri-

111 2826 167 2862 bit,
192 2831 230 2856 ut
242 2827 390 2858 habeatur
401 2829 535 2868 spatium
556 2829 640 2870 quod
658 2829 769 2860 eadem
790 2829 941 2868 particula

113 2868 222 2899 eodem
242 2875 379 2908 tempore
392 2876 406 2900 t
421 2870 452 2902 E
465 2872 615 2910 percurrit
628 2872 662 2902 in
676 2870 816 2911 cylindro
836 2872 938 2913 quies-

112 2917 210 2941 cente.
258 2911 330 2942 Erit
349 2912 444 2953 igitur
466 2913 496 2944 E
513 2914 547 2944 Κ
565 2914 594 2945 Ρ
607 2932 650 2938 -
666 2915 700 2945 D
717 2914 734 2944 1
753 2914 783 2945 O
805 2915 939 2953 spatium

112 2953 196 2993 quod
210 2954 360 2992 particula
380 2955 495 2995 qumvis
510 2957 544 2988 D
558 2963 695 2996 tempore
709 2963 722 2987 t
738 2957 768 2987 E
784 2956 936 2995 describit,

112 3002 273 3036 postquam
294 3003 398 3027 motus
418 2998 518 3028 omnis
539 2999 695 3040 augularis
709 2998 839 3038 cylindri
853 3006 936 3030 exte-

111 3038 199 3068 rioris
213 3038 332 3069 ablatus
345 3044 399 3069 ost.
449 3040 532 3075 Quia
547 3041 618 3072 νει-ὸ
634 3041 791 3080 particulae
804 3041 936 3081 singulae

111 3081 312 3111 revolvuntur
320 3081 508 3121 aequabiliter
523 3084 592 3124 (per
602 3084 714 3124 Hyp.),
731 3083 788 3114 erit
802 3085 934 3123 spatium

114 3122 933 3164 EKP—DIOadD10‚siveSE-SD

983 1939 1024 1970 ad
1041 1939 1061 1969 S
1077 1940 1121 1975 D,
1144 1945 1181 1970 ut
1201 1945 1324 1978 tempus
1345 1944 1358 1969 t
1374 1938 1404 1968 E
1426 1937 1466 1969 ad
1488 1943 1610 1976 tempus
1624 1937 1815 1976 periodicum

982 1981 1141 2021 particulae
1166 1982 1198 2012 D
1213 1982 1247 2011 in
1269 1980 1409 2021 cylindro
1429 1981 1624 2021 quiaeoente3
1648 1986 1678 2009 et
1700 1979 1770 2010 ide&
1791 1982 1816 2012 si

982 2049 1042 2079 hoc
1053 2054 1176 2088 tempus
1186 2048 1306 2079 dicatur
1317 2049 1347 2078 T
1357 2049 1400 2085 D,
1410 2048 1468 2078 erit
1481 2049 1510 2078 T
1521 2049 1608 2078 D=
1623 2023 1644 2052 S
1658 2023 1754 2104 11))ἱῖ
1767 2023 1813 2088 E;

984 2122 1015 2147 et
1028 2116 1120 2146 simili
1135 2115 1229 2146 modo
1242 2123 1366 2154 tempus
1386 2115 1576 2154 periodicum
1599 2116 1757 2153 particulae
1782 2118 1812 2147 A

985 2159 1018 2188 in
1043 2157 1152 2189 eadem
1175 2158 1336 2198 hypothesi
1366 2158 1466 2200 (quod
1491 2159 1612 2188 dicatur
1639 2159 1668 2188 T
1693 2159 1739 2196 A)
1765 2171 1812 2189 τ.

984 2201 1182 2237 SA><tE
1584 2199 1798 2236 AExTA

1657 2251 1727 2281 SA
1793 2255 1797 2258 ·

981 2331 1012 2356 et
1032 2324 1103 2355 ideo
1125 2325 1155 2356 Τ
1170 2325 1204 2356 D
1218 2347 1264 2355 —-
1286 2342 1657 2386 W

980 2394 1077 2434 igitur
1097 2399 1236 2433 ternpore
1256 2393 1411 2433 periodicc
1426 2392 1556 2431 cylindri
1571 2392 1731 2426 interioris,
1755 2393 1810 2424 da-

979 2438 1063 2467 bitur
1073 2436 1397 2475 tempus-periodicum
1408 2435 1566 2475 particulae
1577 2435 1712 2475 cujusvis
1721 2435 1810 2466 fluidi

979 2479 1014 2510 in
1029 2479 1169 2519 cylindro
1183 2480 1367 2519 quiescente.
1415 2477 1501 2513 Quia
1523 2476 1594 2506 verd
1619 2477 1649 2506 A
1667 2477 1708 2514 Ε,
1738 2478 1759 2508 S
1777 2479 1808 2509 A

980 2546 1215 2578 etTAdatae
1239 2552 1320 2584 sunt,
1344 2519 1641 2576 efitTDutSD
1678 2546 1806 2583 honest,

1564 2566 1651 2602 DE'

1189 2237 1200 2263 ;
1215 2226 1300 2258 unde
1313 2226 1444 2256 habetur
1458 2232 1470 2256 ι
1483 2226 1513 2256 Ε
1524 2238 1570 2254 =

1665 2344 1675 2353 .
1724 2324 1810 2355 Dato

979 2614 1199 2656 particularum
1222 2614 1311 2645 fluidi
1333 2620 1474 2653 tempora
1498 2614 1653 2652 periodica
1677 2621 1750 2645 sunt
1771 2621 1808 2646 ut

979 2658 1130 2690 distanfiae
1152 2659 1286 2697 ipsarum
1308 2658 1347 2688 ab
1367 2667 1424 2687 axe
1438 2655 1567 2695 cylindri
1588 2656 1739 2697 interioris
1760 2657 1807 2692 di-

978 2700 1059 2732 recte
1074 2707 1105 2731 et
1118 2700 1270 2731 distantiae
1284 2699 1462 2730 earumdem
1473 2709 1492 2728 a
1502 2698 1662 2738 superficie
1676 2699 1807 2739 cylindri

979 2743 1162 2785 quiescentis
1174 2742 1302 2774 inverse.

1025 2786 1064 2828 (¹)
1082 2789 1099 2806 ’
1117 2787 1299 2828 Aequirant.
1348 2784 1439 2816 Patet
1452 2793 1507 2822 per
1523 2783 1595 2814 Cor.
1615 2788 1644 2814 8.

1025 2828 1080 2871 (¹¹²)
1097 2831 1115 2849 ⁸
1130 2833 1239 2866 Quoad
1252 2839 1347 2870 nsque
1358 2833 1492 2867 tempora
1508 2828 1662 2866 periodica
1677 2828 1808 2867 cylindri

980 2873 1136 2912 utriusque
1143 2877 1311 2912 aequentur.
1346 2868 1482 2901 Tamdiu
1496 2868 1580 2899 enim
1590 2868 1748 2909 cylindrus
1758 2870 1805 2899 in-

980 2914 1073 2945 terior
1086 2914 1187 2944 atterit
1195 2920 1225 2943 et
1233 2918 1324 2953 urget
1334 2911 1422 2941 fluidi
1437 2916 1545 2949 partes,
1561 2918 1743 2952 motumque
1756 2911 1803 2952 ip-

979 2958 1020 2987 sis
1034 2955 1072 2987 ea
1085 2955 1206 2987 actione
1219 2954 1427 2986 communicat
1439 2953 1493 2994 qui
1507 2953 1547 2984 ad
1561 2953 1736 2994 cylindrum
1751 2964 1805 2986 ex-

978 2999 1120 3030 teriorem
1136 2998 1254 3034 transit,
1269 2997 1416 3037 quamdiu
1427 2997 1567 3026 omnium
1583 2996 1715 3035 partium
1730 3006 1804 3028 con-

979 3041 1137 3082 tiguarum
1153 3047 1255 3070 motus
1269 3039 1433 3079 angulares
1454 3038 1622 3078 inaequales
1642 3045 1724 3074 sunt,
1748 3049 1804 3070 seu

977 3083 1127 3124 quamdiu
1149 3089 1287 3122 tempora
1301 3080 1454 3121 periodica
1467 3090 1531 3111 non
1544 3088 1705 3122 aequantur
1724 3081 1805 3112 inter

976 3137 1017 3157 se.
