2066 3548
231 237 315 277 270
359 236 366 242 '
660 219 1111 268 PHILOSOPHIAE
1143 204 1515 261 NATURALIS‘
1570 213 1717 267 [Mo-r.
1733 212 1945 255 Contem-

437 379 812 429 PROPOSITIO
844 376 1034 420 XLVII.
1094 373 1136 416 T
1140 369 1455 415 HEOREMA
1490 366 1736 411 XXXVII.

225 494 424 548 'Pulsibus
443 514 522 555 per
534 499 713 556 fluidum
735 493 988 549 propagatis,
1026 489 1193 543 singulae
1206 485 1337 542 fluidi
1357 485 1586 538 particulae,
1617 487 1722 523 motu
1739 481 1950 556 reciproca

294 574 517 618 brevissimo
537 575 668 611 euntes
688 573 726 608 et
744 566 959 613 redeuntes,
982 560 1252 602 accelerantur
1270 569 1418 609 semper
1430 561 1468 596 et
1486 554 1751 595 retardantur
1760 564 1842 605 pro
1857 552 1943 605 lege
1966 623 1969 626 Α

1817 680 1942 923 *nuduli
1989 986 1991 989 Ι

295 644 513 689 oscillantis
524 641 706 696 penduli.

298 758 532 816 Designent
571 757 612 798 A
640 755 691 805 B,
734 754 772 796 B
801 753 851 803 C,
875 751 932 795 ,C
960 750 1018 800 D,
1052 746 1247 802 pulsuum
1282 743 1604 787 successivorum

240 829 420 886 aequales
440 827 676 874 distantias3
708 825 748 865 A
771 824 807 864 B
831 823 867 863 C
895 821 1061 876 plagam
1091 825 1228 859 motus
1254 816 1450 872 pulsuum
1479 815 1532 856 ab
1561 814 1604 856 A

239 886 383 943 versus
404 899 442 942 B
461 897 701 954 propagati3
734 895 786 945 E,
810 894 858 944 F,
883 892 925 934 G
944 899 1099 946 puncta
1128 888 1207 930 tria
1234 887 1418 943 physica,
1451 886 1497 940 (⁸)
1518 899 1604 926 me-

241 972 300 1014 dii
320 970 565 1027 quiescentis
585 970 629 1010 in
649 966 760 1009 recta
781 966 821 1007 A
844 965 880 1006 C
900 963 953 1005 ad
974 961 1151 1018 aequales
1171 960 1225 1002 ab
1246 959 1421 1000 invicem
1449 957 1605 999 distan-

206 1073 209 1076 -
241 1042 321 1084 tias
339 1042 440 1089 sita3
474 1040 511 1082 E
532 1054 568 1089 e,
592 1039 628 1080 F
647 1038 675 1088 f,
699 1037 742 1079 G
762 1052 791 1093 g
820 1034 951 1089 spatia
979 1030 1157 1087 aequalia
1182 1028 1399 1084 perbrevia
1417 1042 1493 1082 per
1512 1040 1605 1083 quae

240 1121 395 1167 puncta
423 1110 492 1151 illa
521 1117 637 1150 motu
662 1108 875 1161 reciproco
907 1104 952 1158 (t)
983 1100 1153 1158 singulis
1183 1098 1477 1140 vibrationibus
1507 1105 1607 1139 eunt

242 1192 285 1224 et
304 1181 478 1223 redeunt
489 1196 500 1230 3
523 1198 549 1230 ε,
572 1193 609 1232 φ,
631 1197 658 1233 7
675 1178 767 1219 loca
787 1174 940 1232 quaevis
960 1170 1204 1214 intermedia
1223 1168 1448 1210 eorundem
1474 1182 1606 1223 punc-

241 1261 402 1301 torum3
439 1259 480 1292 et
511 1250 550 1292 E
573 1250 621 1300 F,
654 1249 689 1290 F
712 1248 755 1290 G
783 1244 954 1287 lineolas
989 1240 1180 1297 physicas
1212 1253 1285 1280 seu
1317 1238 1443 1280 medii
1470 1246 1606 1293 partes

241 1326 416 1368 lineares
451 1324 615 1380 punctis
649 1322 728 1363 illis
765 1319 1010 1374 interjectas,
1051 1322 1093 1356 et
1584 1320 1590 1323 ·

243 1396 469 1440 successive
499 1396 716 1439 translatas
745 1395 789 1435 in
814 1394 906 1434 loca
926 1409 938 1431 ε
959 1404 996 1443 φ,
1019 1402 1044 1442 φ
1062 1406 1088 1442 γ

242 1476 285 1509 et
313 1483 337 1509 e
356 1467 383 1517 f,
406 1467 480 1523 fg.
543 1467 686 1509 Rectae
714 1465 753 1508 E
773 1481 796 1506 e
815 1461 983 1520 aequalis
1013 1460 1090 1501 du-

243 1546 360 1579 catur
379 1544 490 1578 recta
512 1537 548 1578 P
571 1537 612 1578 S.
661 1536 874 1578 Bisecetur
888 1534 1032 1576 eadem
1047 1534 1089 1574 in

246 1609 300 1658 O,
339 1617 562 1665 centroque
594 1608 634 1649 O
664 1615 706 1649 et
739 1607 954 1648 intervallo
987 1605 1027 1647 O
1053 1605 1089 1647 P

244 1681 500 1723 describatur
532 1679 708 1720 circulus
740 1680 770 1721 S
801 1679 822 1719 I
855 1679 891 1720 P
920 1679 946 1719 i.
1008 1678 1091 1719 Per

244 1736 378 1807 hujus
415 1751 785 1792 circumferentiam
828 1758 956 1792 totam
995 1765 1089 1791 cum

1675 789 1801 924 *llil

246 1823 429 1877 partibus
461 1823 543 1863 suis
574 1830 805 1876 exponatur
839 1830 1000 1877 tempus
1030 1830 1091 1864 to·-

245 1902 335 1934 tum
354 1893 592 1935 vibrationis
608 1894 728 1934 unius
745 1908 839 1935 cum
854 1895 981 1949 ipsius
996 1908 1091 1950 par-

245 1966 355 2006 tibus
390 1966 788 2020 proportionalibus;
824 1966 882 2008 sic
922 1976 969 2008 ut
1006 1983 1099 2010 com
1168 1978 1212 2012 to
1245 1977 1432 2024 tempore
1466 1966 1609 2023 quovis

249 2036 285 2077 P
308 2037 355 2077 H
385 2036 449 2077 vel
479 2036 515 2077 P
538 2037 586 2078 H
609 2037 638 2078 S
658 2036 699 2086 h,
738 2037 772 2077 si
799 2037 1039 2080 demittatur
1067 2041 1120 2082 ad
1151 2042 1188 2083 P
1211 2042 1241 2083 S
1269 2039 1611 2098 perpendiculum

249 2105 298 2146 H
320 2105 356 2146 L
376 2106 441 2146 vel
461 2105 490 2146 h
510 2106 538 2155 l,
561 2114 603 2147 et
623 2106 807 2160 capiatur
829 2107 866 2148 E
883 2125 895 2147 ε
916 2110 1084 2165 aequalis
1108 2111 1144 2152 P
1157 2111 1196 2153 L
1216 2101 1287 2152 vel¹
1305 2111 1341 2153 P
1359 2110 1389 2160 l,
1410 2117 1611 2165 punctum

247 2176 464 2233 physicum
497 2178 535 2219 E
562 2179 790 2233 reperiatur
809 2179 852 2221 in
873 2197 898 2222 ε.

960 2181 1059 2225 Hac
1087 2183 1179 2240 lege
1206 2191 1407 2239 punctum
1440 2182 1611 2238 quodvis

250 2247 300 2297 E,
333 2247 470 2288 eundo
500 2247 553 2289 ab
581 2248 618 2289 E
638 2262 714 2302 per
734 2266 747 2288 ε
767 2249 820 2290 ad
841 2265 876 2300 e,
908 2258 950 2292 et
977 2252 1074 2294 inde
1103 2253 1316 2295 redeundo
1344 2267 1420 2308 per
1440 2270 1453 2292 ε
1473 2252 1525 2293 ad
1557 2251 1609 2302 E,

247 2316 395 2358 iisdem
425 2316 730 2359 accelerationis
751 2333 798 2360 ac
818 2320 1105 2373 retardationis
1134 2322 1333 2379 gradibus
1362 2321 1610 2363 vibrationes

248 2387 428 2444 singulas
447 2396 619 2444 peraget
650 2389 701 2443 (¹¹)
724 2403 818 2430 cum
848 2391 1057 2433 oscillante
1085 2392 1280 2447 pendulo.
1342 2391 1611 2434 Probandum

248 2466 310 2500 est
330 2459 442 2515 quod
463 2459 624 2516 singula
643 2460 767 2501 medii
786 2470 939 2516 puncta
958 2463 1128 2520 physica
1143 2464 1215 2506 tali
1230 2471 1347 2506 motu
1368 2463 1514 2520 agitari
1534 2463 1608 2505 de-

1179 2510 1324 2530 ‘sps

249 2531 384 2573 beant.
446 2532 670 2592 Fingamus
700 2532 825 2590 igitur
853 2535 1035 2576 medium
1065 2529 1282 2578 tali‘motu
1307 2551 1333 2577 a
1355 2534 1477 2576 causti
1508 2533 1609 2590 quii-

250 2617 412 2659 cunque
433 2592 542 2654 cieri}
558 2591 606 2645 *et
625 2603 836 2646 videamus
857 2605 957 2661 quid
975 2606 1072 2648 inde
1093 2593 1299 2664 sequatur.

1686 2507 1765 2649 ιιιιιιιιι
1828 2504 1937 2677 himin

1123 2704 1227 2735 medio
1235 2703 1358 2736 elastico
1366 2703 1474 2744 pulsu·
1483 2702 1654 2734 secundum
1663 2703 1861 2735 directionem
1874 2703 1902 2735 Β
1914 2703 1952 2741 C,

1124 2747 1319 2786 producetur,
1343 2753 1373 2777 et
1387 2745 1517 2787 singulis
1529 2745 1598 2776 aliis
1611 2746 1830 2777 vibrationibus
1843 2755 1952 2785 eorpo-

1125 2789 1168 2818 ris
1181 2789 1305 2819 tremuli
1326 2788 1374 2819 vel
1395 2787 1515 2819 chorda
1537 2787 1663 2818 musicae
1684 2797 1722 2818 ex
1743 2788 1789 2819 itu
1805 2794 1836 2819 et
1853 2787 1953 2819 reditu

294 2701 337 2743 (⁸)
356 2703 376 2741 fi
390 2703 488 2733 Medii
503 2703 692 2742 quiescentis,
708 2701 741 2732 id
752 2708 807 2740 est,
823 2702 963 2733 nondum
975 2703 1081 2743 agitati

251 2743 471 2774 vibrationibus
485 2744 619 2784 corporis
633 2743 765 2781 tremuli,
780 2751 835 2776 aut
845 2744 1082 2784 iudam-aduensi

251 2786 328 2816 a‘e‘ris
341 2786 488 2824 pulsibus.

295 2828 337 2869 (¹)
349 2832 420 2859 314.
438 2831 455 2848 ⁸
466 2830 597 2868 Singulis
606 2830 820 2861 vibrationibus
828 2836 900 2861 eunt
910 2836 938 2861 ec
948 2832 1086 2861 redeunt.

255 2869 287 2899 Si
302 2871 435 2909 corporis
444 2871 570 2901 tremuli
582 2877 636 2901 aut
647 2871 768 2902 chordae
780 2872 905 2902 musicae
917 2872 1085 2903 oscillantis

252 2912 402 2950 particula
416 2912 543 2952 incipiat
564 2913 680 2943 moveri
695 2914 727 2943 in
745 2914 786 2951 E,
809 2919 840 2944 et
853 2914 957 2945 eundo
980 2924 1083 2945 secum

252 2954 412 2984 transferat
424 2954 518 2985 medii
528 2962 678 2994 punctum
691 2956 732 2992 E,
743 2956 775 2986 in
784 2956 886 2987 locum
897 2967 925 2993 e,
935 2962 966 2987 et
974 2955 1085 2987 deinde

253 2995 403 3034 particula
418 2996 471 3026 illa
486 2997 609 3028 chordae
623 2999 751 3028 musicae
765 2999 794 3028 vi
809 2998 932 3038 proprisi
947 3005 976 3029 et
987 3008 1084 3038 punc-

251 3043 320 3067 tum
335 3046 362 3073 e,
378 3038 472 3067 medii
487 3040 567 3069 inter
581 3050 608 3076 e,
631 3045 662 3070 et
680 3041 705 3071 C
721 3040 885 3080 compressi
899 3051 935 3071 ac
949 3039 1082 3074 conden-

253 3079 310 3110 sati
330 3078 510 3110 dilatatione
524 3081 650 3112 redeant
672 3081 703 3112 in
726 3082 830 3114 locum
851 3083 892 3121 E,
918 3083 1029 3114 unicus
1049 3082 1082 3112 in

1128 2831 1313 2870 compositis,
1339 2831 1385 2861 sin
1430 2830 1452 2860 li
1473 2829 1688 2876 excitabuntur
1709 2830 1817 2870 pulsus
1839 2830 1949 2872 (Prop.

1130 2873 1289 2913 XLIII.)
1315 2878 1406 2913 atque
1425 2870 1502 2903 adeo
1521 2871 1629 2910 pulsus
1650 2872 1843 2903 latitudinem
1865 2881 1951 2902 sunm

1127 2915 1268 2946 describit
1297 2913 1487 2946 intereadum
1508 2921 1659 2953 punctum
1684 2915 1725 2952 Ε,
1754 2913 1953 2945 vibi-ationem

1128 2967 1224 2988 unam
1238 2967 1275 2988 ex
1290 2957 1337 2988 itu
1351 2962 1382 2987 et
1395 2955 1494 2987 reditu
1516 2966 1570 2994 per
1590 2956 1802 2988 brevissimum
1820 2955 1953 2996 spatium

1131 2999 1160 3030 E
1176 3010 1203 3035 e,
1219 2999 1428 3039 compositam,
1443 2998 1581 3029 absolvit.

1128 3083 1145 3114 Ι
1162 3041 1215 3123 )(“)
1231 3044 1247 3061 ”
1264 3044 1344 3075 Cum
1353 3042 1503 3073 osc-‘uam
1514 3042 1647 3081 pendulo
1663 3040 1772 3084 (Prop.
1785 3039 1864 3072 LII.
1880 3039 1953 3071 Lib.
