2066 3548
118 277 274 319 Lim-:112
283 276 502 328 Saeuum]
543 275 864 319 PRINCIPIA
895 273 1390 316 MATHEMATICA.
1430 323 1436 328 ⁴
1734 281 1816 318 255

117 389 242 446 quam
269 389 404 447 figura
433 389 608 446 cylindri
634 389 779 432 eadem
811 389 1014 431 diametro
1045 388 1252 444 descripti.
1315 389 1369 430 In
1400 388 1581 430 motibus
1610 389 1818 431 velocibus

117 460 344 502 resistentia
363 469 502 516 potest
520 475 609 503 esse
626 459 752 516 paulo
772 461 916 516 major,
943 468 1162 516 propterea
1181 458 1294 515 quod
1313 460 1531 501 elasticitas
1549 467 1592 502 et
1610 475 1820 515 compres-

106 528 178 577 'sio
195 534 314 575 fluidi
346 536 398 590 (¹¹)
418 550 504 576 non
533 541 760 590 augeantur
782 534 827 575 in
852 533 1059 590 duplicata
1087 533 1247 575 ratione
1275 532 1514 576 velocitatis.
1574 533 1660 576 Sed
1677 533 1819 589 hujus-

116 605 231 647 modi
249 607 444 648 minutias
463 606 533 648 hic
550 620 637 647 non
656 606 862 661 expendo.

174 678 231 719 Et
250 677 435 734 quamvis
454 679 536 726 aer,
557 691 678 733 aqua,
699 684 918 734 argentum
935 676 1076 718 vivum
1093 683 1136 718 et
1154 675 1302 718 similia
1320 676 1460 726 fluida,
1480 691 1558 732 per
1576 675 1820 717 divisionem

113 749 292 803 partium
311 749 356 788 in
374 747 594 798 infinitum,
617 747 925 789 subtiliarentur
943 755 986 789 et
998 747 1146 789 fierent
1164 746 1300 788 media
1318 746 1478 788 infinite
1496 746 1625 788 fluida
1635 762 1648 795 3
1677 753 1819 787 tamen

113 819 247 876 globis
265 819 459 874 projectis
478 818 594 859 haud
611 818 750 859 minus
768 817 1016 859 resisterent.
1080 817 1192 858 Nam
1219 816 1460 867 resistentia,
1493 817 1546 858 de
1575 815 1655 873 quii
1682 817 1819 873 agitur

112 891 156 932 in
185 891 543 947 Propositionibus
571 890 918 947 praecedentibuS,
953 890 1085 931 oritur
1110 890 1164 931 ab
1189 886 1336 931 inertia
1362 889 1547 931 materiae
1559 905 1571 938 ;
1601 897 1643 930 et
1670 889 1818 930 inertia

112 964 295 1005 materiae
325 965 568 1019 corporibus
591 962 817 1006 essentialis
837 954 899 1004 est
927 970 968 1004 et
997 962 1214 1018 quantitati
1241 961 1424 1002 materiae
1454 975 1616 1018 semper
1642 975 1818 1015 propor-

112 1035 288 1076 tionalis.
349 1035 432 1077 Per
451 1034 695 1076 divisionem
712 1033 895 1089 partium
912 1032 1043 1083 fluidi,
1065 1031 1296 1074 resistentia
1309 1045 1404 1088 quae
1418 1031 1549 1073 oritur
1564 1046 1589 1072 a
1600 1031 1818 1072 tenacitate

112 1114 155 1148 et
173 1106 363 1149 frictione
390 1107 571 1162 partium
600 1105 776 1148 diminui
805 1105 973 1161 quidem
1000 1112 1160 1159 potest:
1195 1103 1267 1146 sed
1299 1104 1504 1160 quantitas
1532 1104 1715 1146 materiae
1742 1117 1819 1158 per

112 1176 358 1218 divisionem
383 1178 564 1233 partium
583 1177 671 1232 ejus
690 1191 777 1218 non
797 1176 1040 1217 diminuitur
1050 1191 1062 1224 3
1093 1183 1135 1217 et
1152 1184 1345 1216 manente
1373 1175 1600 1231 quantitate
1619 1174 1815 1224 materiae,

111 1256 252 1289 manet
270 1248 359 1303 ejus
377 1248 440 1289 vis
459 1247 632 1298 inertiae,
662 1248 730 1288 cui
748 1245 992 1295 resistentia,
1014 1245 1067 1287 de
1086 1244 1167 1301 qua
1185 1244 1255 1289 bk
1273 1244 1422 1301 agitur,
1453 1259 1616 1300 semper
1642 1258 1818 1299 propor-

102 1321 275 1363 tionalis
295 1330 370 1364 est.
431 1322 494 1364 Ut
511 1322 604 1362 haec
622 1320 855 1363 resistentia
873 1319 1140 1369 diminuatur,
1163 1317 1339 1359 diminui
1357 1317 1484 1359 debet
1503 1317 1710 1373 quantitas
1729 1331 1817 1357 ma-

110 1393 226 1435 teriae
244 1394 288 1434 in
308 1393 449 1448 spatiis
468 1408 546 1448 per
565 1406 658 1449 quae
679 1406 855 1446 corpora
873 1398 1102 1432 moventur.
1154 1389 1211 1432 Et
1228 1398 1450 1445 propterea
1468 1390 1601 1445 spatia
1620 1390 1816 1440 coelestia,

111 1478 188 1518 per
208 1478 302 1519 quae
321 1463 435 1520 globi
454 1463 715 1518 planetarum
733 1470 776 1504 et
794 1471 1048 1503 cometarum
1067 1461 1112 1501 in
1131 1475 1275 1502 omnes
1289 1468 1428 1515 partes
1443 1460 1652 1502 liberrime
1670 1468 1714 1502 et
1731 1460 1819 1501 sine

113 1534 228 1575 omui
259 1542 400 1576 motus
433 1533 707 1576 diminutione
735 1532 918 1574 sensibili
936 1539 1138 1586 perpetuo
1166 1538 1398 1581 moventur,
1429 1530 1559 1572 fluido
1584 1531 1698 1572 omni
1726 1518 1818 1572 cor-

113 1619 246 1660 poreo
264 1605 556 1655 destituuntur,
578 1604 613 1646 si
630 1603 739 1646 forte
755 1617 927 1658 vapores
945 1602 1071 1658 longe
1084 1601 1344 1644 tenuissimos
1363 1609 1406 1643 et
1423 1603 1613 1657 trajectos
1630 1601 1733 1643 lucis
1751 1615 1818 1642 ra-

112 1675 203 1717 dios
224 1664 421 1732 excipias.

170 1747 406 1803 Projectilia
432 1748 575 1805 utique
604 1755 764 1790 motum
793 1748 902 1790 cient
927 1748 972 1789 in
999 1747 1137 1789 fluidis
1164 1746 1484 1805 progrediendo,
1517 1753 1559 1788 et
1584 1745 1654 1787 hic
1680 1750 1818 1787 motus

110 1819 243 1861 oritur
261 1820 314 1862 ab
334 1835 504 1862 excessu
522 1820 746 1875 pressionis
766 1820 884 1861 fluidi
904 1820 959 1861 ad
977 1819 1202 1875 projectilis
1221 1827 1359 1874 partes
1379 1819 1536 1860 anticas
1557 1826 1685 1871 supra
1701 1830 1818 1871 pres-

111 1890 269 1932 sionem
289 1890 344 1932 ad
363 1892 449 1948 ejus
467 1900 606 1947 partes
625 1894 816 1948 posticas,
845 1902 888 1936 et
905 1909 991 1935 non
1010 1895 1148 1935 minor
1166 1909 1255 1935 esse
1273 1901 1411 1948 potest
1428 1894 1472 1934 in
1491 1891 1638 1934 mediis
1657 1891 1819 1932 infinite

110 1959 247 2000 fluidis
267 1975 390 2015 quam
410 1962 454 2002 in
473 1964 582 2013 ae‘re,
604 1962 710 2019 aqua
724 1972 765 2005 et
785 1972 957 2020 argento
976 1965 1070 2006 vivo
1089 1978 1167 2019 pro
1186 1964 1389 2005 densitate
1408 1962 1593 2004 materiae
1613 1962 1657 2003 in
1675 1961 1817 2017 singu-

110 2029 176 2070 lis.
209 2029 297 2071 Hic
312 2038 450 2071 autem
462 2033 684 2086 pressionis
700 2047 906 2084 excessus,
926 2049 1004 2088 pro
1027 2035 1255 2089 quantitate
1273 2033 1359 2083 sua,
1375 2048 1462 2075 non
1480 2041 1640 2074 tantum
1658 2039 1818 2073 motum

113 2100 193 2141 ciet
210 2099 255 2140 in
273 2099 416 2151 fluido,
439 2101 489 2155 (⁰)
510 2101 583 2142 sed
603 2102 727 2143 etiam
745 2102 832 2158 agit
850 2102 893 2143 in
911 2103 1126 2157 projectile
1143 2102 1197 2144 ad
1217 2111 1375 2143 motum
1395 2103 1481 2161 ejus
1501 2100 1816 2143 retardandum:

113 2180 154 2213 et
168 2181 389 2227 propterea
407 2174 638 2216 resistentia
649 2175 692 2215 in
707 2175 821 2216 omni
834 2175 965 2216 fluido
983 2183 1046 2218 est
1064 2182 1112 2217 ut
1129 2183 1265 2216 motus
1280 2175 1325 2217 in
1337 2174 1468 2215 fluido
1482 2189 1507 2215 a
1524 2172 1729 2228 projectili
1743 2187 1818 2215 ex-

113 2244 273 2295 citatus,
294 2259 372 2287 nec
391 2246 527 2287 minor
546 2262 635 2289 esse
652 2256 789 2302 potest
802 2248 846 2289 in
865 2248 1018 2290 aethere
1038 2247 1302 2290 subtilissimo
1320 2262 1398 2302 pro
1418 2247 1619 2288 densitate
1638 2244 1815 2295 aetheris,

112 2330 236 2373 quam
255 2316 299 2357 in
318 2320 426 2369 aere,
448 2317 552 2374 aqua
573 2327 615 2360 et
633 2328 805 2376 argento
824 2320 918 2362 vivo
935 2335 1014 2375 pro
1033 2320 1304 2362 densitatibus
1324 2320 1474 2361 horum
1492 2319 1729 2360 fluidorum.

94 2429 97 2432 ’
116 2429 185 2462 Lib.
199 2432 248 2463 11.
264 2432 337 2462 etin
347 2432 543 2472 sequentibus
558 2433 822 2473 Propositionibus
832 2443 946 2473 suppo-
987 2436 1016 2465 lo
1017 2435 1075 2465 cita
1077 2435 1123 2470 tis,
1146 2434 1178 2463 in
1193 2433 1255 2482 qua
1268 2440 1374 2464 tamen
1392 2433 1500 2474 augeri
1521 2432 1676 2469 deberent,
1697 2431 1744 2462 uti
1765 2441 1818 2462 ex-

115 2474 208 2504 situm
231 2481 287 2511 est,
309 2474 395 2514 globi
410 2481 442 2505 et
455 2476 596 2514 cylindri,
618 2486 751 2516 quorum
773 2476 881 2507 eadem
902 2482 949 2507 est
989 2477 1123 2516 positum
1137 2483 1184 2506 est
1197 2476 1230 2506 in
1245 2476 1456 2515 experimento
1474 2479 1521 2506 12.

114 2515 272 2553 diameter,
288 2517 439 2556 aequalem
453 2527 519 2547 esse
532 2518 742 2548 resistentiam.
1027 2521 1040 2559 (
1044 2519 1109 2558 0)
1125 2521 1183 2550 Sed
1203 2521 1293 2551 ceiam
1319 2520 1381 2559 agit
1403 2520 1438 2551 in
1454 2518 1618 2559 prv‘ectile,
1640 2526 1695 2556 per
1714 2514 1817 2546 motus

158 2558 332 2600 (¹)*N1m
345 2565 521 2599 augeantur
534 2561 568 2591 in
581 2559 739 2600 duplicat&
760 2561 875 2592 ratione
895 2571 943 2592 ve·
986 2561 1107 2602 Legem
1122 2561 1190 2591 111.
