<?xml version="1.0" encoding="UTF-8"?>
<!DOCTYPE html PUBLIC "-//W3C//DTD XHTML 1.0 Transitional//EN"
    "http://www.w3.org/TR/xhtml1/DTD/xhtml1-transitional.dtd">
<html xmlns="http://www.w3.org/1999/xhtml" xml:lang="en" lang="en">
 <head>
  <title>
</title>
<meta http-equiv="Content-Type" content="text/html;charset=utf-8" />
  <meta name='ocr-system' content='tesseract 3.04.00' />
  <meta name='ocr-capabilities' content='ocr_page ocr_carea ocr_par ocr_line ocrx_word'/>
</head>
<body>
  <div class='ocr_page' id='page_1' title='image "./philosophiaenatu02newtuoft_0169.png"; bbox 0 0 2066 3548; ppageno 0'>
   <div class='ocr_carea' id='block_1_1' title="bbox 127 266 1840 322">
    <p class='ocr_par' dir='ltr' id='par_1_1' title="bbox 127 266 1840 322">
     <span class='ocr_line' id='line_1_1' title="bbox 127 266 1840 322; baseline -0.001 -11"><span class='ocrx_word' id='word_1_1' title='bbox 127 268 277 311; x_wconf 71' lang='lat' dir='ltr'><strong>met</strong></span> <span class='ocrx_word' id='word_1_2' title='bbox 298 270 521 322; x_wconf 65' lang='lat' dir='ltr'><strong>Suetium]</strong></span> <span class='ocrx_word' id='word_1_3' title='bbox 564 268 886 313; x_wconf 88' lang='lat' dir='ltr'>PRINCIPIA</span> <span class='ocrx_word' id='word_1_4' title='bbox 917 266 1410 310; x_wconf 91' lang='lat' dir='ltr'>MATHEMATICA.</span> <span class='ocrx_word' id='word_1_5' title='bbox 1752 271 1840 309; x_wconf 66' lang='lat'><strong>‘155</strong></span> 
     </span>
    </p>
   </div>
   <div class='ocr_carea' id='block_1_2' title="bbox 125 377 1843 718">
    <p class='ocr_par' dir='ltr' id='par_1_2' title="bbox 125 377 1843 718">
     <span class='ocr_line' id='line_1_2' title="bbox 128 377 1833 438; baseline -0.003 -15"><span class='ocrx_word' id='word_1_6' title='bbox 128 381 311 438; x_wconf 87' lang='lat' dir='ltr'><strong>corporis</strong></span> <span class='ocrx_word' id='word_1_7' title='bbox 331 381 375 423; x_wconf 89' lang='lat' dir='ltr'><strong>in</strong></span> <span class='ocrx_word' id='word_1_8' title='bbox 394 388 512 436; x_wconf 84' lang='lat' dir='ltr'><strong>parte</strong></span> <span class='ocrx_word' id='word_1_9' title='bbox 533 380 882 436; x_wconf 72' lang='lat' dir='ltr'><strong>correspondente</strong></span> <span class='ocrx_word' id='word_1_10' title='bbox 901 393 1020 421; x_wconf 85' lang='lat' dir='ltr'><strong>arcus</strong></span> <span class='ocrx_word' id='word_1_11' title='bbox 1052 378 1103 430; x_wconf 91' lang='lat' dir='ltr'><strong>B,</strong></span> <span class='ocrx_word' id='word_1_12' title='bbox 1137 379 1180 419; x_wconf 91' lang='lat' dir='ltr'><strong>in</strong></span> <span class='ocrx_word' id='word_1_13' title='bbox 1209 377 1415 432; x_wconf 61' lang='lat' dir='ltr'><strong>duplicata</strong></span> <span class='ocrx_word' id='word_1_14' title='bbox 1451 377 1609 418; x_wconf 83' lang='lat' dir='ltr'><strong>ratione</strong></span> <span class='ocrx_word' id='word_1_15' title='bbox 1639 377 1833 419; x_wconf 87' lang='lat' dir='ltr'><strong>velocita-</strong></span> 
     </span>
     <span class='ocr_line' id='line_1_3' title="bbox 125 447 1837 506; baseline -0.003 -13"><span class='ocrx_word' id='word_1_16' title='bbox 125 460 228 502; x_wconf 88' lang='lat' dir='ltr'><strong>tum,</strong></span> <span class='ocrx_word' id='word_1_17' title='bbox 250 451 292 492; x_wconf 93' lang='lat' dir='ltr'><strong>id</strong></span> <span class='ocrx_word' id='word_1_18' title='bbox 313 459 388 501; x_wconf 88' lang='lat' dir='ltr'><strong>est,</strong></span> <span class='ocrx_word' id='word_1_19' title='bbox 419 460 466 493; x_wconf 88' lang='lat' dir='ltr'><strong>ut</strong></span> <span class='ocrx_word' id='word_1_20' title='bbox 487 452 527 494; x_wconf 90' lang='lat' dir='ltr'>A</span> <span class='ocrx_word' id='word_1_21' title='bbox 548 453 590 494; x_wconf 93' lang='lat' dir='ltr'><strong>A</strong></span> <span class='ocrx_word' id='word_1_22' title='bbox 619 452 674 494; x_wconf 85' lang='lat' dir='ltr'><strong>ad</strong></span> <span class='ocrx_word' id='word_1_23' title='bbox 705 451 743 494; x_wconf 90' lang='grc' dir='ltr'>Β</span> <span class='ocrx_word' id='word_1_24' title='bbox 765 451 816 501; x_wconf 91' lang='grc' dir='ltr'><strong>Β,</strong></span> <span class='ocrx_word' id='word_1_25' title='bbox 850 465 974 506; x_wconf 85' lang='lat' dir='ltr'><strong>quam</strong></span> <span class='ocrx_word' id='word_1_26' title='bbox 1001 447 1205 504; x_wconf 76' lang='lat' dir='ltr'><strong>proxime.</strong></span> <span class='ocrx_word' id='word_1_27' title='bbox 1269 448 1314 490; x_wconf 92' lang='lat' dir='ltr'><strong>Si</strong></span> <span class='ocrx_word' id='word_1_28' title='bbox 1333 447 1562 490; x_wconf 78' lang='lat' dir='ltr'>resistentia</span> <span class='ocrx_word' id='word_1_29' title='bbox 1595 448 1641 488; x_wconf 91' lang='lat' dir='ltr'><strong>in</strong></span> <span class='ocrx_word' id='word_1_30' title='bbox 1669 461 1767 488; x_wconf 89' lang='lat' dir='ltr'><strong>arcu</strong></span> <span class='ocrx_word' id='word_1_31' title='bbox 1798 447 1837 488; x_wconf 93' lang='lat' dir='ltr'>B</span> 
     </span>
     <span class='ocr_line' id='line_1_4' title="bbox 129 511 1838 575; baseline -0.002 -10"><span class='ocrx_word' id='word_1_32' title='bbox 129 531 237 565; x_wconf 82' lang='lat' dir='ltr'><strong>esset</strong></span> <span class='ocrx_word' id='word_1_33' title='bbox 250 522 304 563; x_wconf 86' lang='lat' dir='ltr'><strong>ad</strong></span> <span class='ocrx_word' id='word_1_34' title='bbox 323 519 596 565; x_wconf 76' lang='lat' dir='ltr'><strong>resistentiam</strong></span> <span class='ocrx_word' id='word_1_35' title='bbox 617 524 660 564; x_wconf 89' lang='lat' dir='ltr'><strong>in</strong></span> <span class='ocrx_word' id='word_1_36' title='bbox 680 537 778 564; x_wconf 87' lang='lat' dir='ltr'><strong>arcu</strong></span> <span class='ocrx_word' id='word_1_37' title='bbox 800 523 842 564; x_wconf 97' lang='lat' dir='ltr'>A</span> <span class='ocrx_word' id='word_1_38' title='bbox 861 530 908 564; x_wconf 91' lang='lat' dir='ltr'><strong>ut</strong></span> <span class='ocrx_word' id='word_1_39' title='bbox 924 522 964 564; x_wconf 93' lang='lat' dir='ltr'>A</span> <span class='ocrx_word' id='word_1_40' title='bbox 978 522 1016 564; x_wconf 91' lang='lat' dir='ltr'><strong>B</strong></span> <span class='ocrx_word' id='word_1_41' title='bbox 1037 521 1090 562; x_wconf 84' lang='lat' dir='ltr'><strong>ad</strong></span> <span class='ocrx_word' id='word_1_42' title='bbox 1111 521 1152 562; x_wconf 94' lang='lat' dir='ltr'><strong>A</strong></span> <span class='ocrx_word' id='word_1_43' title='bbox 1170 521 1224 572; x_wconf 89' lang='lat' dir='ltr'><strong>A,</strong></span> <span class='ocrx_word' id='word_1_44' title='bbox 1238 528 1426 575; x_wconf 83' lang='lat' dir='ltr'><strong>tempora</strong></span> <span class='ocrx_word' id='word_1_45' title='bbox 1437 521 1482 560; x_wconf 93' lang='lat' dir='ltr'><strong>in</strong></span> <span class='ocrx_word' id='word_1_46' title='bbox 1497 511 1672 560; x_wconf 76' lang='lat' dir='ltr'>arcubus</span> <span class='ocrx_word' id='word_1_47' title='bbox 1688 520 1730 561; x_wconf 96' lang='lat' dir='ltr'>A</span> <span class='ocrx_word' id='word_1_48' title='bbox 1742 528 1784 561; x_wconf 91' lang='lat' dir='ltr'><strong>et</strong></span> <span class='ocrx_word' id='word_1_49' title='bbox 1800 521 1838 561; x_wconf 90' lang='lat' dir='ltr'><strong>B</strong></span> 
     </span>
     <span class='ocr_line' id='line_1_5' title="bbox 126 576 1843 649; baseline -0.001 -16"><span class='ocrx_word' id='word_1_50' title='bbox 126 593 262 634; x_wconf 84' lang='lat' dir='ltr'><strong>forent</strong></span> <span class='ocrx_word' id='word_1_51' title='bbox 283 593 469 649; x_wconf 81' lang='lat' dir='ltr'><strong>aequalia,</strong></span> <span class='ocrx_word' id='word_1_52' title='bbox 492 609 567 649; x_wconf 90' lang='lat' dir='ltr'><strong>per</strong></span> <span class='ocrx_word' id='word_1_53' title='bbox 589 593 921 648; x_wconf 89' lang='lat' dir='ltr'><strong>Propositionem</strong></span> <span class='ocrx_word' id='word_1_54' title='bbox 943 592 1210 648; x_wconf 83' lang='lat' dir='ltr'><strong>superiorem.</strong></span> <span class='ocrx_word' id='word_1_55' title='bbox 1271 582 1455 646; x_wconf 77' lang='lat' dir='ltr'><strong>Ideoque</strong></span> <span class='ocrx_word' id='word_1_56' title='bbox 1484 590 1713 631; x_wconf 83' lang='lat' dir='ltr'><strong>resistentia</strong></span> <span class='ocrx_word' id='word_1_57' title='bbox 1733 590 1774 631; x_wconf 92' lang='lat' dir='ltr'>A</span> <span class='ocrx_word' id='word_1_58' title='bbox 1796 576 1843 632; x_wconf 12' lang='lat' dir='ltr'><strong>A!</strong></span> 
     </span>
     <span class='ocr_line' id='line_1_6' title="bbox 125 651 1839 718; baseline -0.002 -11"><span class='ocrx_word' id='word_1_59' title='bbox 125 665 171 707; x_wconf 88' lang='lat' dir='ltr'><strong>in</strong></span> <span class='ocrx_word' id='word_1_60' title='bbox 190 680 288 708; x_wconf 83' lang='lat' dir='ltr'><strong>arcu</strong></span> <span class='ocrx_word' id='word_1_61' title='bbox 309 667 362 718; x_wconf 90' lang='lat' dir='ltr'><strong>A,</strong></span> <span class='ocrx_word' id='word_1_62' title='bbox 385 666 450 709; x_wconf 87' lang='lat' dir='ltr'><strong>vel</strong></span> <span class='ocrx_word' id='word_1_63' title='bbox 470 667 512 709; x_wconf 91' lang='lat' dir='ltr'>A</span> <span class='ocrx_word' id='word_1_64' title='bbox 534 667 572 709; x_wconf 90' lang='lat' dir='ltr'>B</span> <span class='ocrx_word' id='word_1_65' title='bbox 591 667 634 709; x_wconf 90' lang='lat' dir='ltr'><strong>in</strong></span> <span class='ocrx_word' id='word_1_66' title='bbox 654 681 753 709; x_wconf 85' lang='lat' dir='ltr'><strong>arcu</strong></span> <span class='ocrx_word' id='word_1_67' title='bbox 774 667 826 718; x_wconf 92' lang='lat' dir='ltr'><strong>B,</strong></span> <span class='ocrx_word' id='word_1_68' title='bbox 858 666 982 710; x_wconf 88' lang='lat' dir='ltr'><strong>efficit</strong></span> <span class='ocrx_word' id='word_1_69' title='bbox 1011 651 1224 708; x_wconf 76' lang='lat' dir='ltr'><strong>excessum</strong></span> <span class='ocrx_word' id='word_1_70' title='bbox 1253 657 1454 718; x_wconf 76' lang='lat' dir='ltr'><strong>temporis</strong></span> <span class='ocrx_word' id='word_1_71' title='bbox 1469 662 1514 703; x_wconf 91' lang='lat' dir='ltr'><strong>in</strong></span> <span class='ocrx_word' id='word_1_72' title='bbox 1533 675 1632 704; x_wconf 84' lang='lat' dir='ltr'><strong>arcu</strong></span> <span class='ocrx_word' id='word_1_73' title='bbox 1652 661 1693 703; x_wconf 93' lang='lat' dir='ltr'>A</span> <span class='ocrx_word' id='word_1_74' title='bbox 1714 676 1839 718; x_wconf 83' lang='lat' dir='ltr'><strong>supra</strong></span> 
     </span>
    </p>
   </div>
   <div class='ocr_carea' id='block_1_3' title="bbox 363 806 1610 1591">
    <p class='ocr_par' dir='ltr' id='par_1_3' title="bbox 363 806 1610 1591">
     <span class='ocr_line' id='line_1_7' title="bbox 363 806 1610 1591; baseline 0 1957"><span class='ocrx_word' id='word_1_75' title='bbox 363 806 1610 1591; x_wconf 95' lang='lat' dir='ltr'><strong> </strong></span> 
     </span>
    </p>
   </div>
   <div class='ocr_carea' id='block_1_4' title="bbox 129 1673 1844 2015">
    <p class='ocr_par' dir='ltr' id='par_1_4' title="bbox 129 1673 1844 1942">
     <span class='ocr_line' id='line_1_8' title="bbox 130 1673 1844 1737; baseline 0 -17"><span class='ocrx_word' id='word_1_76' title='bbox 130 1686 292 1737; x_wconf 82' lang='lat' dir='ltr'><strong>tempus</strong></span> <span class='ocrx_word' id='word_1_77' title='bbox 311 1680 355 1721; x_wconf 94' lang='lat' dir='ltr'><strong>in</strong></span> <span class='ocrx_word' id='word_1_78' title='bbox 374 1679 513 1722; x_wconf 87' lang='lat' dir='ltr'><strong>medio</strong></span> <span class='ocrx_word' id='word_1_79' title='bbox 532 1692 615 1720; x_wconf 93' lang='lat' dir='ltr'><strong>non</strong></span> <span class='ocrx_word' id='word_1_80' title='bbox 636 1677 850 1719; x_wconf 85' lang='lat' dir='ltr'><strong>resistente</strong></span> <span class='ocrx_word' id='word_1_81' title='bbox 862 1691 874 1725; x_wconf 83' lang='lat'>3</span> <span class='ocrx_word' id='word_1_82' title='bbox 896 1682 938 1717; x_wconf 93' lang='lat' dir='ltr'><strong>et</strong></span> <span class='ocrx_word' id='word_1_83' title='bbox 956 1674 1185 1715; x_wconf 85' lang='lat' dir='ltr'><strong>resistentia</strong></span> <span class='ocrx_word' id='word_1_84' title='bbox 1216 1673 1253 1715; x_wconf 88' lang='lat' dir='ltr'><strong>B</strong></span> <span class='ocrx_word' id='word_1_85' title='bbox 1276 1673 1314 1715; x_wconf 93' lang='lat' dir='ltr'>B</span> <span class='ocrx_word' id='word_1_86' title='bbox 1344 1673 1468 1717; x_wconf 89' lang='lat' dir='ltr'><strong>efficit</strong></span> <span class='ocrx_word' id='word_1_87' title='bbox 1496 1691 1712 1719; x_wconf 87' lang='lat' dir='ltr'><strong>excessum</strong></span> <span class='ocrx_word' id='word_1_88' title='bbox 1741 1686 1844 1720; x_wconf 83' lang='lat' dir='ltr'><strong>tem-</strong></span> 
     </span>
     <span class='ocr_line' id='line_1_9' title="bbox 129 1744 1844 1805; baseline -0.002 -12"><span class='ocrx_word' id='word_1_89' title='bbox 129 1752 242 1805; x_wconf 87' lang='lat' dir='ltr'><strong>poris</strong></span> <span class='ocrx_word' id='word_1_90' title='bbox 262 1752 306 1792; x_wconf 91' lang='lat' dir='ltr'><strong>in</strong></span> <span class='ocrx_word' id='word_1_91' title='bbox 326 1766 424 1793; x_wconf 88' lang='lat' dir='ltr'><strong>arcu</strong></span> <span class='ocrx_word' id='word_1_92' title='bbox 447 1751 484 1792; x_wconf 94' lang='lat' dir='ltr'><strong>B</strong></span> <span class='ocrx_word' id='word_1_93' title='bbox 505 1764 631 1804; x_wconf 83' lang='lat' dir='ltr'><strong>supra</strong></span> <span class='ocrx_word' id='word_1_94' title='bbox 649 1757 812 1803; x_wconf 89' lang='lat' dir='ltr'><strong>tempus</strong></span> <span class='ocrx_word' id='word_1_95' title='bbox 832 1747 876 1787; x_wconf 93' lang='lat' dir='ltr'><strong>in</strong></span> <span class='ocrx_word' id='word_1_96' title='bbox 897 1745 1036 1787; x_wconf 90' lang='lat' dir='ltr'><strong>medio</strong></span> <span class='ocrx_word' id='word_1_97' title='bbox 1058 1759 1144 1786; x_wconf 91' lang='lat' dir='ltr'><strong>non</strong></span> <span class='ocrx_word' id='word_1_98' title='bbox 1173 1744 1400 1786; x_wconf 89' lang='lat' dir='ltr'><strong>resistente.</strong></span> <span class='ocrx_word' id='word_1_99' title='bbox 1465 1747 1571 1789; x_wconf 87' lang='lat' dir='ltr'><strong>Sunt</strong></span> <span class='ocrx_word' id='word_1_100' title='bbox 1600 1757 1738 1790; x_wconf 89' lang='lat' dir='ltr'><strong>autem</strong></span> <span class='ocrx_word' id='word_1_101' title='bbox 1771 1764 1844 1790; x_wconf 88' lang='lat' dir='ltr'><strong>ex-</strong></span> 
     </span>
     <span class='ocr_line' id='line_1_10' title="bbox 131 1815 1842 1871; baseline -0.001 -7"><span class='ocrx_word' id='word_1_102' title='bbox 131 1827 268 1863; x_wconf 88' lang='lat' dir='ltr'><strong>cessus</strong></span> <span class='ocrx_word' id='word_1_103' title='bbox 288 1822 348 1863; x_wconf 91' lang='lat' dir='ltr'><strong>illi</strong></span> <span class='ocrx_word' id='word_1_104' title='bbox 370 1830 417 1864; x_wconf 91' lang='lat' dir='ltr'><strong>ut</strong></span> <span class='ocrx_word' id='word_1_105' title='bbox 436 1821 542 1862; x_wconf 89' lang='lat' dir='ltr'><strong>vires</strong></span> <span class='ocrx_word' id='word_1_106' title='bbox 566 1820 786 1861; x_wconf 87' lang='lat' dir='ltr'><strong>efficientes</strong></span> <span class='ocrx_word' id='word_1_107' title='bbox 810 1818 850 1859; x_wconf 94' lang='lat' dir='ltr'>A</span> <span class='ocrx_word' id='word_1_108' title='bbox 872 1817 910 1858; x_wconf 91' lang='lat' dir='ltr'>B</span> <span class='ocrx_word' id='word_1_109' title='bbox 930 1824 972 1858; x_wconf 90' lang='lat' dir='ltr'><strong>et</strong></span> <span class='ocrx_word' id='word_1_110' title='bbox 992 1816 1030 1857; x_wconf 92' lang='lat' dir='ltr'><strong>B</strong></span> <span class='ocrx_word' id='word_1_111' title='bbox 1053 1815 1091 1857; x_wconf 88' lang='lat' dir='ltr'>B</span> <span class='ocrx_word' id='word_1_112' title='bbox 1112 1830 1234 1871; x_wconf 84' lang='lat' dir='ltr'><strong>quam</strong></span> <span class='ocrx_word' id='word_1_113' title='bbox 1258 1815 1461 1870; x_wconf 75' lang='lat' dir='ltr'><strong>proxime,</strong></span> <span class='ocrx_word' id='word_1_114' title='bbox 1483 1817 1528 1858; x_wconf 88' lang='lat' dir='ltr'><strong>id</strong></span> <span class='ocrx_word' id='word_1_115' title='bbox 1549 1827 1623 1869; x_wconf 86' lang='lat' dir='ltr'><strong>est,</strong></span> <span class='ocrx_word' id='word_1_116' title='bbox 1656 1827 1702 1861; x_wconf 92' lang='lat' dir='ltr'><strong>ut</strong></span> <span class='ocrx_word' id='word_1_117' title='bbox 1721 1835 1842 1862; x_wconf 81' lang='lat' dir='ltr'><strong>arcus</strong></span> 
     </span>
     <span class='ocr_line' id='line_1_11' title="bbox 131 1891 542 1942; baseline -0.007 -7"><span class='ocrx_word' id='word_1_118' title='bbox 131 1894 173 1935; x_wconf 94' lang='lat' dir='ltr'>A</span> <span class='ocrx_word' id='word_1_119' title='bbox 192 1902 233 1935; x_wconf 90' lang='lat' dir='ltr'><strong>et</strong></span> <span class='ocrx_word' id='word_1_120' title='bbox 254 1894 304 1935; x_wconf 90' lang='lat' dir='ltr'><strong>B.</strong></span> <span class='ocrx_word' id='word_1_121' title='bbox 366 1892 422 1942; x_wconf 84' lang='lat' dir='ltr'><strong>Q.</strong></span> <span class='ocrx_word' id='word_1_122' title='bbox 444 1907 478 1933; x_wconf 93' lang='lat' dir='ltr'><strong>e.</strong></span> <span class='ocrx_word' id='word_1_123' title='bbox 501 1891 542 1932; x_wconf 93' lang='lat' dir='ltr'><strong>d.</strong></span> 
     </span>
    </p>

    <p class='ocr_par' dir='ltr' id='par_1_5' title="bbox 192 1959 1844 2015">
     <span class='ocr_line' id='line_1_12' title="bbox 192 1959 1844 2015; baseline -0.001 -8"><span class='ocrx_word' id='word_1_124' title='bbox 192 1967 323 2007; x_wconf 86' lang='lat' dir='ltr'><strong>Corol.</strong></span> <span class='ocrx_word' id='word_1_125' title='bbox 347 1971 385 2006; x_wconf 89' lang='lat'><strong>1.</strong></span> <span class='ocrx_word' id='word_1_126' title='bbox 437 1963 555 2005; x_wconf 90' lang='lat' dir='ltr'><strong>Hinc</strong></span> <span class='ocrx_word' id='word_1_127' title='bbox 587 1976 641 2004; x_wconf 85' lang='lat' dir='ltr'><strong>ex</strong></span> <span class='ocrx_word' id='word_1_128' title='bbox 670 1960 972 2003; x_wconf 84' lang='lat' dir='ltr'><strong>oscillationum</strong></span> <span class='ocrx_word' id='word_1_129' title='bbox 1001 1959 1268 2015; x_wconf 89' lang='lat' dir='ltr'><strong>temporibus,</strong></span> <span class='ocrx_word' id='word_1_130' title='bbox 1302 1959 1345 2000; x_wconf 91' lang='lat' dir='ltr'><strong>in</strong></span> <span class='ocrx_word' id='word_1_131' title='bbox 1376 1960 1512 2002; x_wconf 90' lang='lat' dir='ltr'><strong>medio</strong></span> <span class='ocrx_word' id='word_1_132' title='bbox 1542 1961 1769 2014; x_wconf 90' lang='lat' dir='ltr'><strong>resistente,</strong></span> <span class='ocrx_word' id='word_1_133' title='bbox 1801 1964 1844 2005; x_wconf 93' lang='lat' dir='ltr'><strong>in</strong></span> 
     </span>
    </p>
   </div>
   <div class='ocr_carea' id='block_1_5' title="bbox 134 2032 1844 2162">
    <p class='ocr_par' dir='ltr' id='par_1_6' title="bbox 134 2032 1844 2162">
     <span class='ocr_line' id='line_1_13' title="bbox 134 2032 1843 2091; baseline 0 -13"><span class='ocrx_word' id='word_1_134' title='bbox 134 2037 311 2078; x_wconf 84' lang='lat' dir='ltr'><strong>arcubus</strong></span> <span class='ocrx_word' id='word_1_135' title='bbox 331 2035 603 2091; x_wconf 86' lang='lat' dir='ltr'><strong>inaequalibus</strong></span> <span class='ocrx_word' id='word_1_136' title='bbox 623 2034 836 2082; x_wconf 87' lang='lat' dir='ltr'><strong>factarum,</strong></span> <span class='ocrx_word' id='word_1_137' title='bbox 866 2032 1058 2088; x_wconf 86' lang='lat' dir='ltr'><strong>cognosci</strong></span> <span class='ocrx_word' id='word_1_138' title='bbox 1077 2040 1250 2086; x_wconf 90' lang='lat' dir='ltr'><strong>possunt</strong></span> <span class='ocrx_word' id='word_1_139' title='bbox 1269 2040 1458 2087; x_wconf 86' lang='lat' dir='ltr'><strong>tempora</strong></span> <span class='ocrx_word' id='word_1_140' title='bbox 1477 2034 1777 2078; x_wconf 83' lang='lat' dir='ltr'><strong>oscillationum</strong></span> <span class='ocrx_word' id='word_1_141' title='bbox 1799 2037 1843 2078; x_wconf 92' lang='lat' dir='ltr'><strong>in</strong></span> 
     </span>
     <span class='ocr_line' id='line_1_14' title="bbox 135 2101 1844 2162; baseline 0 -14"><span class='ocrx_word' id='word_1_142' title='bbox 135 2107 319 2162; x_wconf 88' lang='lat' dir='ltr'><strong>ejusdem</strong></span> <span class='ocrx_word' id='word_1_143' title='bbox 338 2105 548 2162; x_wconf 84' lang='lat' dir='ltr'><strong>gravitatis</strong></span> <span class='ocrx_word' id='word_1_144' title='bbox 570 2103 772 2158; x_wconf 88' lang='lat' dir='ltr'><strong>specificae</strong></span> <span class='ocrx_word' id='word_1_145' title='bbox 791 2101 929 2142; x_wconf 86' lang='lat' dir='ltr'><strong>medio</strong></span> <span class='ocrx_word' id='word_1_146' title='bbox 949 2116 1033 2142; x_wconf 91' lang='lat' dir='ltr'><strong>non</strong></span> <span class='ocrx_word' id='word_1_147' title='bbox 1054 2101 1280 2143; x_wconf 88' lang='lat' dir='ltr'><strong>resistente.</strong></span> <span class='ocrx_word' id='word_1_148' title='bbox 1342 2102 1453 2144; x_wconf 82' lang='lat' dir='ltr'><strong>Nam</strong></span> <span class='ocrx_word' id='word_1_149' title='bbox 1483 2103 1713 2147; x_wconf 88' lang='lat' dir='ltr'><strong>differentia</strong></span> <span class='ocrx_word' id='word_1_150' title='bbox 1740 2114 1844 2148; x_wconf 90' lang='lat' dir='ltr'><strong>tem-</strong></span> 
     </span>
    </p>
   </div>
   <div class='ocr_carea' id='block_1_6' title="bbox 133 2173 1844 2302">
    <p class='ocr_par' dir='ltr' id='par_1_7' title="bbox 133 2173 1844 2302">
     <span class='ocr_line' id='line_1_15' title="bbox 133 2173 1844 2235; baseline 0 -14"><span class='ocrx_word' id='word_1_151' title='bbox 133 2194 288 2235; x_wconf 90' lang='lat' dir='ltr'><strong>porum</strong></span> <span class='ocrx_word' id='word_1_152' title='bbox 307 2179 386 2220; x_wconf 84' lang='lat' dir='ltr'><strong>erit</strong></span> <span class='ocrx_word' id='word_1_153' title='bbox 404 2178 459 2220; x_wconf 83' lang='lat' dir='ltr'><strong>ad</strong></span> <span class='ocrx_word' id='word_1_154' title='bbox 479 2190 693 2219; x_wconf 87' lang='lat' dir='ltr'><strong>excessum</strong></span> <span class='ocrx_word' id='word_1_155' title='bbox 712 2174 908 2229; x_wconf 88' lang='lat' dir='ltr'><strong>temporis</strong></span> <span class='ocrx_word' id='word_1_156' title='bbox 928 2173 972 2214; x_wconf 91' lang='lat' dir='ltr'><strong>in</strong></span> <span class='ocrx_word' id='word_1_157' title='bbox 992 2188 1091 2215; x_wconf 85' lang='lat' dir='ltr'><strong>arcu</strong></span> <span class='ocrx_word' id='word_1_158' title='bbox 1116 2174 1276 2215; x_wconf 91' lang='lat' dir='ltr'><strong>minore</strong></span> <span class='ocrx_word' id='word_1_159' title='bbox 1297 2189 1422 2229; x_wconf 88' lang='lat' dir='ltr'><strong>supra</strong></span> <span class='ocrx_word' id='word_1_160' title='bbox 1441 2183 1603 2230; x_wconf 90' lang='lat' dir='ltr'><strong>tempus</strong></span> <span class='ocrx_word' id='word_1_161' title='bbox 1630 2178 1675 2219; x_wconf 91' lang='lat' dir='ltr'><strong>in</strong></span> <span class='ocrx_word' id='word_1_162' title='bbox 1704 2180 1844 2221; x_wconf 91' lang='lat' dir='ltr'><strong>medio</strong></span> 
     </span>
     <span class='ocr_line' id='line_1_16' title="bbox 135 2243 1521 2302; baseline -0.003 -12"><span class='ocrx_word' id='word_1_163' title='bbox 135 2264 222 2291; x_wconf 91' lang='lat' dir='ltr'><strong>non</strong></span> <span class='ocrx_word' id='word_1_164' title='bbox 242 2249 468 2298; x_wconf 86' lang='lat' dir='ltr'><strong>resistente,</strong></span> <span class='ocrx_word' id='word_1_165' title='bbox 490 2254 538 2289; x_wconf 91' lang='lat' dir='ltr'><strong>ut</strong></span> <span class='ocrx_word' id='word_1_166' title='bbox 558 2246 609 2302; x_wconf 77' lang='lat'>(¹³)</span> <span class='ocrx_word' id='word_1_167' title='bbox 632 2244 862 2287; x_wconf 86' lang='lat' dir='ltr'><strong>differentia</strong></span> <span class='ocrx_word' id='word_1_168' title='bbox 881 2258 1051 2285; x_wconf 87' lang='lat' dir='ltr'><strong>arcuum</strong></span> <span class='ocrx_word' id='word_1_169' title='bbox 1071 2243 1124 2284; x_wconf 89' lang='lat' dir='ltr'><strong>ad</strong></span> <span class='ocrx_word' id='word_1_170' title='bbox 1144 2258 1287 2284; x_wconf 84' lang='lat' dir='ltr'><strong>arcum</strong></span> <span class='ocrx_word' id='word_1_171' title='bbox 1305 2244 1521 2286; x_wconf 88' lang='lat' dir='ltr'><strong>minorem.</strong></span> 
     </span>
    </p>
   </div>
   <div class='ocr_carea' id='block_1_7' title="bbox 197 2317 1845 2376">
    <p class='ocr_par' dir='ltr' id='par_1_8' title="bbox 197 2317 1845 2376">
     <span class='ocr_line' id='line_1_17' title="bbox 197 2317 1845 2376; baseline 0 -12"><span class='ocrx_word' id='word_1_172' title='bbox 197 2322 328 2364; x_wconf 82' lang='lat' dir='ltr'><strong>Corol.</strong></span> <span class='ocrx_word' id='word_1_173' title='bbox 351 2326 391 2363; x_wconf 78' lang='lat'><strong>2.</strong></span> <span class='ocrx_word' id='word_1_174' title='bbox 453 2319 500 2376; x_wconf 75' lang='lat'><strong>(⁰)</strong></span> <span class='ocrx_word' id='word_1_175' title='bbox 524 2318 813 2361; x_wconf 85' lang='lat' dir='ltr'><strong>Oscillationes</strong></span> <span class='ocrx_word' id='word_1_176' title='bbox 842 2317 1051 2359; x_wconf 88' lang='lat' dir='ltr'><strong>breviores</strong></span> <span class='ocrx_word' id='word_1_177' title='bbox 1072 2325 1168 2359; x_wconf 83' lang='lat' dir='ltr'><strong>sunt</strong></span> <span class='ocrx_word' id='word_1_178' title='bbox 1187 2318 1318 2374; x_wconf 88' lang='lat' dir='ltr'><strong>magis</strong></span> <span class='ocrx_word' id='word_1_179' title='bbox 1338 2318 1583 2372; x_wconf 86' lang='lat' dir='ltr'><strong>isochronae,</strong></span> <span class='ocrx_word' id='word_1_180' title='bbox 1615 2329 1657 2364; x_wconf 89' lang='lat' dir='ltr'><strong>et</strong></span> <span class='ocrx_word' id='word_1_181' title='bbox 1684 2322 1845 2364; x_wconf 89' lang='lat' dir='ltr'><strong>brevis-</strong></span> 
     </span>
    </p>
   </div>
   <div class='ocr_carea' id='block_1_8' title="bbox 137 2444 1847 2493">
    <p class='ocr_par' dir='ltr' id='par_1_9' title="bbox 137 2444 1847 2493">
     <span class='ocr_line' id='line_1_18' title="bbox 137 2444 1847 2493; baseline 0.001 -12"><span class='ocrx_word' id='word_1_182' title='bbox 137 2461 206 2482; x_wconf 79' lang='lat' dir='ltr'><strong>ores</strong></span> <span class='ocrx_word' id='word_1_183' title='bbox 225 2450 358 2481; x_wconf 67' lang='lat' dir='ltr'><strong>rationes</strong></span> <span class='ocrx_word' id='word_1_184' title='bbox 378 2448 539 2490; x_wconf 73' lang='lat' dir='ltr'><strong>utriusque</strong></span> <span class='ocrx_word' id='word_1_185' title='bbox 559 2446 764 2487; x_wconf 85' lang='lat' dir='ltr'><strong>proportionis</strong></span> <span class='ocrx_word' id='word_1_186' title='bbox 777 2444 818 2477; x_wconf 78' lang='lat' dir='ltr'><strong>ad</strong></span> <span class='ocrx_word' id='word_1_187' title='bbox 837 2445 972 2477; x_wconf 75' lang='lat' dir='ltr'><strong>minores</strong></span> <span class='ocrx_word' id='word_1_188' title='bbox 1059 2448 1076 2467; x_wconf 72' lang='lat'>⁸</span> <span class='ocrx_word' id='word_1_189' title='bbox 1095 2446 1234 2486; x_wconf 85' lang='lat' dir='ltr'><strong>Tempus</strong></span> <span class='ocrx_word' id='word_1_190' title='bbox 1254 2456 1309 2487; x_wconf 83' lang='lat' dir='ltr'><strong>per</strong></span> <span class='ocrx_word' id='word_1_191' title='bbox 1322 2457 1436 2479; x_wconf 60' lang='lat' dir='ltr'><strong>arcum</strong></span> <span class='ocrx_word' id='word_1_192' title='bbox 1460 2448 1491 2480; x_wconf 88' lang='lat' dir='ltr'>A</span> <span class='ocrx_word' id='word_1_193' title='bbox 1507 2455 1553 2480; x_wconf 88' lang='lat' dir='ltr'><strong>est</strong></span> <span class='ocrx_word' id='word_1_194' title='bbox 1568 2450 1598 2481; x_wconf 88' lang='lat' dir='ltr'>T</span> <span class='ocrx_word' id='word_1_195' title='bbox 1613 2450 1656 2493; x_wconf 61' lang='grc'><strong>4-</strong></span> <span class='ocrx_word' id='word_1_196' title='bbox 1669 2460 1700 2488; x_wconf 85' lang='lat' dir='ltr'><strong>x,</strong></span> <span class='ocrx_word' id='word_1_197' title='bbox 1723 2456 1847 2490; x_wconf 80' lang='lat' dir='ltr'><strong>tempus</strong></span> 
     </span>
    </p>
   </div>
   <div class='ocr_carea' id='block_1_9' title="bbox 138 2489 1848 2746">
    <p class='ocr_par' dir='ltr' id='par_1_10' title="bbox 138 2489 1848 2746">
     <span class='ocr_line' id='line_1_19' title="bbox 138 2489 1846 2535; baseline -0.004 -10"><span class='ocrx_word' id='word_1_198' title='bbox 138 2494 294 2525; x_wconf 80' lang='lat' dir='ltr'><strong>terminos-</strong></span> <span class='ocrx_word' id='word_1_199' title='bbox 1012 2498 1068 2528; x_wconf 85' lang='lat' dir='ltr'><strong>per</strong></span> <span class='ocrx_word' id='word_1_200' title='bbox 1092 2499 1199 2519; x_wconf 84' lang='lat' dir='ltr'><strong>arcum</strong></span> <span class='ocrx_word' id='word_1_201' title='bbox 1223 2489 1375 2521; x_wconf 83' lang='lat' dir='ltr'><strong>minorem</strong></span> <span class='ocrx_word' id='word_1_202' title='bbox 1400 2491 1439 2527; x_wconf 92' lang='grc' dir='ltr'><strong>Β,</strong></span> <span class='ocrx_word' id='word_1_203' title='bbox 1463 2498 1508 2522; x_wconf 67' lang='lat' dir='ltr'><strong>est</strong></span> <span class='ocrx_word' id='word_1_204' title='bbox 1531 2493 1561 2525; x_wconf 90' lang='lat' dir='ltr'>T</span> <span class='ocrx_word' id='word_1_205' title='bbox 1576 2493 1618 2535; x_wconf 64' lang='grc'><strong>-1-</strong></span> <span class='ocrx_word' id='word_1_206' title='bbox 1632 2504 1663 2533; x_wconf 86' lang='lat' dir='ltr'><strong>y,</strong></span> <span class='ocrx_word' id='word_1_207' title='bbox 1686 2503 1760 2534; x_wconf 84' lang='lat' dir='ltr'><strong>ergo</strong></span> <span class='ocrx_word' id='word_1_208' title='bbox 1785 2493 1846 2524; x_wconf 79' lang='lat' dir='ltr'><strong>dif-</strong></span> 
     </span>
     <span class='ocr_line' id='line_1_20' title="bbox 264 2531 1844 2576; baseline 0 -11"><span class='ocrx_word' id='word_1_209' title='bbox 264 2534 579 2566; x_wconf 71' lang='lat' dir='ltr'>vzmA=sz</span> <span class='ocrx_word' id='word_1_210' title='bbox 1011 2531 1844 2576; x_wconf 71' lang='lat' dir='ltr'><strong>ferendatemporumT÷x—T—y=x—y,</strong></span> 
     </span>
     <span class='ocr_line' id='line_1_21' title="bbox 265 2574 1846 2617; baseline 0.001 -9"><span class='ocrx_word' id='word_1_211' title='bbox 265 2588 285 2608; x_wconf 87' lang='lat' dir='ltr'>v</span> <span class='ocrx_word' id='word_1_212' title='bbox 300 2590 309 2608; x_wconf 75' lang='grc' dir='ltr'>ι</span> <span class='ocrx_word' id='word_1_213' title='bbox 326 2587 360 2607; x_wconf 90' lang='lat' dir='ltr'><strong>m</strong></span> <span class='ocrx_word' id='word_1_214' title='bbox 377 2578 406 2608; x_wconf 92' lang='lat' dir='ltr'><strong>B</strong></span> <span class='ocrx_word' id='word_1_215' title='bbox 421 2589 466 2606; x_wconf 93' lang='lat'><strong><em>=</em></strong></span> <span class='ocrx_word' id='word_1_216' title='bbox 484 2577 514 2607; x_wconf 90' lang='grc' dir='ltr'><strong>Τ</strong></span> <span class='ocrx_word' id='word_1_217' title='bbox 529 2588 536 2607; x_wconf 88' lang='lat'>:</span> <span class='ocrx_word' id='word_1_218' title='bbox 557 2586 578 2616; x_wconf 83' lang='lat' dir='ltr'>y</span> <span class='ocrx_word' id='word_1_219' title='bbox 591 2580 624 2607; x_wconf 81' lang='lat' dir='ltr'><strong>et</strong></span> <span class='ocrx_word' id='word_1_220' title='bbox 636 2574 770 2606; x_wconf 79' lang='lat' dir='ltr'><strong>vicissim</strong></span> <span class='ocrx_word' id='word_1_221' title='bbox 1016 2581 1049 2605; x_wconf 84' lang='lat' dir='ltr'><strong>et</strong></span> <span class='ocrx_word' id='word_1_222' title='bbox 1062 2584 1202 2605; x_wconf 87' lang='lat' dir='ltr'><strong>excessus</strong></span> <span class='ocrx_word' id='word_1_223' title='bbox 1216 2575 1363 2615; x_wconf 85' lang='lat' dir='ltr'><strong>temporis</strong></span> <span class='ocrx_word' id='word_1_224' title='bbox 1377 2576 1410 2605; x_wconf 90' lang='lat' dir='ltr'><strong>in</strong></span> <span class='ocrx_word' id='word_1_225' title='bbox 1424 2576 1544 2608; x_wconf 86' lang='lat' dir='ltr'><strong>minore</strong></span> <span class='ocrx_word' id='word_1_226' title='bbox 1559 2588 1631 2608; x_wconf 87' lang='lat' dir='ltr'><strong>arcu</strong></span> <span class='ocrx_word' id='word_1_227' title='bbox 1653 2588 1746 2617; x_wconf 75' lang='lat' dir='ltr'><strong>supra</strong></span> <span class='ocrx_word' id='word_1_228' title='bbox 1766 2585 1846 2609; x_wconf 84' lang='lat' dir='ltr'><strong>tem-</strong></span> 
     </span>
     <span class='ocr_line' id='line_1_22' title="bbox 267 2617 1846 2660; baseline 0 -10"><span class='ocrx_word' id='word_1_229' title='bbox 267 2630 287 2650; x_wconf 83' lang='lat' dir='ltr'>v</span> <span class='ocrx_word' id='word_1_230' title='bbox 302 2632 310 2651; x_wconf 77' lang='lat' dir='ltr'><strong><em>z</em></strong></span> <span class='ocrx_word' id='word_1_231' title='bbox 331 2620 360 2650; x_wconf 93' lang='lat' dir='ltr'>T</span> <span class='ocrx_word' id='word_1_232' title='bbox 374 2632 420 2649; x_wconf 89' lang='lat'><strong><em>=</em></strong></span> <span class='ocrx_word' id='word_1_233' title='bbox 434 2629 468 2649; x_wconf 89' lang='lat' dir='ltr'><strong>m</strong></span> <span class='ocrx_word' id='word_1_234' title='bbox 485 2619 517 2649; x_wconf 89' lang='lat' dir='ltr'>A</span> <span class='ocrx_word' id='word_1_235' title='bbox 533 2631 541 2650; x_wconf 71' lang='grc' dir='ltr'>ι</span> <span class='ocrx_word' id='word_1_236' title='bbox 561 2629 581 2648; x_wconf 87' lang='lat' dir='ltr'><strong>x</strong></span> <span class='ocrx_word' id='word_1_237' title='bbox 1015 2627 1076 2656; x_wconf 88' lang='lat' dir='ltr'><strong>pus</strong></span> <span class='ocrx_word' id='word_1_238' title='bbox 1089 2617 1123 2647; x_wconf 88' lang='lat' dir='ltr'><strong>in</strong></span> <span class='ocrx_word' id='word_1_239' title='bbox 1136 2617 1240 2648; x_wconf 74' lang='lat' dir='ltr'><strong>medIO</strong></span> <span class='ocrx_word' id='word_1_240' title='bbox 1253 2628 1318 2648; x_wconf 92' lang='lat' dir='ltr'><strong>non</strong></span> <span class='ocrx_word' id='word_1_241' title='bbox 1339 2618 1494 2649; x_wconf 85' lang='lat' dir='ltr'><strong>resistente</strong></span> <span class='ocrx_word' id='word_1_242' title='bbox 1509 2626 1555 2650; x_wconf 85' lang='lat' dir='ltr'><strong>est</strong></span> <span class='ocrx_word' id='word_1_243' title='bbox 1568 2630 1588 2660; x_wconf 91' lang='lat' dir='ltr'><strong>y</strong></span> <span class='ocrx_word' id='word_1_244' title='bbox 1600 2620 1691 2659; x_wconf 82' lang='lat' dir='ltr'><strong>juxta</strong></span> <span class='ocrx_word' id='word_1_245' title='bbox 1705 2620 1846 2652; x_wconf 82' lang='lat' dir='ltr'><strong>denomi-</strong></span> 
     </span>
     <span class='ocr_line' id='line_1_23' title="bbox 269 2659 1848 2701; baseline 0.001 -9"><span class='ocrx_word' id='word_1_246' title='bbox 269 2672 289 2692; x_wconf 83' lang='lat' dir='ltr'>v</span> <span class='ocrx_word' id='word_1_247' title='bbox 304 2674 312 2692; x_wconf 72' lang='grc' dir='ltr'>ι</span> <span class='ocrx_word' id='word_1_248' title='bbox 331 2662 361 2692; x_wconf 90' lang='grc' dir='ltr'><strong>Τ</strong></span> <span class='ocrx_word' id='word_1_249' title='bbox 374 2675 420 2692; x_wconf 94' lang='lat'>=</span> <span class='ocrx_word' id='word_1_250' title='bbox 435 2671 467 2691; x_wconf 88' lang='lat' dir='ltr'><strong>m</strong></span> <span class='ocrx_word' id='word_1_251' title='bbox 486 2662 514 2692; x_wconf 95' lang='lat' dir='ltr'>B</span> <span class='ocrx_word' id='word_1_252' title='bbox 530 2674 538 2692; x_wconf 65' lang='grc' dir='ltr'><em>ι</em></span> <span class='ocrx_word' id='word_1_253' title='bbox 557 2671 588 2701; x_wconf 84' lang='lat' dir='ltr'><strong>y,</strong></span> <span class='ocrx_word' id='word_1_254' title='bbox 603 2660 690 2692; x_wconf 86' lang='lat' dir='ltr'><strong>unde</strong></span> <span class='ocrx_word' id='word_1_255' title='bbox 703 2665 752 2691; x_wconf 83' lang='lat' dir='ltr'><strong>est</strong></span> <span class='ocrx_word' id='word_1_256' title='bbox 766 2662 770 2666; x_wconf 85' lang='lat'>&#39;</span> <span class='ocrx_word' id='word_1_257' title='bbox 1015 2659 1156 2691; x_wconf 82' lang='lat' dir='ltr'><strong>nationes</strong></span> <span class='ocrx_word' id='word_1_258' title='bbox 1169 2666 1251 2691; x_wconf 79' lang='lat' dir='ltr'><strong>notae</strong></span> <span class='ocrx_word' id='word_1_259' title='bbox 1265 2660 1439 2700; x_wconf 85' lang='lat' dir='ltr'><strong>superioris,</strong></span> <span class='ocrx_word' id='word_1_260' title='bbox 1462 2662 1515 2692; x_wconf 86' lang='lat' dir='ltr'><strong>sed</strong></span> <span class='ocrx_word' id='word_1_261' title='bbox 1531 2673 1567 2692; x_wconf 89' lang='lat' dir='ltr'><strong>ex</strong></span> <span class='ocrx_word' id='word_1_262' title='bbox 1585 2662 1787 2694; x_wconf 82' lang='lat' dir='ltr'><strong>Theoremate</strong></span> <span class='ocrx_word' id='word_1_263' title='bbox 1802 2669 1848 2693; x_wconf 86' lang='lat' dir='ltr'><strong>est</strong></span> 
     </span>
     <span class='ocr_line' id='line_1_24' title="bbox 269 2700 1847 2746; baseline 0.001 -11"><span class='ocrx_word' id='word_1_264' title='bbox 269 2700 875 2743; x_wconf 74' lang='lat' dir='ltr'><strong>mA:x=mB:y,ide6vicissim</strong></span> <span class='ocrx_word' id='word_1_265' title='bbox 1016 2703 1227 2742; x_wconf 83' lang='lat' dir='ltr'>x:y=A:</span> <span class='ocrx_word' id='word_1_266' title='bbox 1249 2703 1797 2746; x_wconf 82' lang='lat' dir='ltr'><strong>Bergodividendox—y:y=</strong></span> <span class='ocrx_word' id='word_1_267' title='bbox 1815 2706 1847 2736; x_wconf 92' lang='lat' dir='ltr'>A</span> 
     </span>
    </p>
   </div>
   <div class='ocr_carea' id='block_1_10' title="bbox 144 2744 1853 3172">
    <p class='ocr_par' dir='ltr' id='par_1_11' title="bbox 269 2744 1849 2790">
     <span class='ocr_line' id='line_1_25' title="bbox 269 2744 1849 2790; baseline 0.003 -14"><span class='ocrx_word' id='word_1_268' title='bbox 269 2756 302 2776; x_wconf 87' lang='lat' dir='ltr'><strong>m</strong></span> <span class='ocrx_word' id='word_1_269' title='bbox 319 2747 374 2778; x_wconf 88' lang='lat' dir='ltr'><strong>A:</strong></span> <span class='ocrx_word' id='word_1_270' title='bbox 393 2757 426 2776; x_wconf 90' lang='lat' dir='ltr'><strong>m</strong></span> <span class='ocrx_word' id='word_1_271' title='bbox 444 2744 972 2785; x_wconf 82' lang='lat' dir='ltr'><strong>B=x:y,sedmA:mB=</strong></span> <span class='ocrx_word' id='word_1_272' title='bbox 1016 2746 1128 2776; x_wconf 75' lang='grc' dir='ltr'><strong>-Βι</strong></span> <span class='ocrx_word' id='word_1_273' title='bbox 1150 2746 1190 2783; x_wconf 92' lang='grc' dir='ltr'><strong>Β,</strong></span> <span class='ocrx_word' id='word_1_274' title='bbox 1214 2746 1273 2776; x_wconf 84' lang='lat' dir='ltr'><strong>hoc</strong></span> <span class='ocrx_word' id='word_1_275' title='bbox 1295 2753 1340 2777; x_wconf 85' lang='lat' dir='ltr'><strong>est</strong></span> <span class='ocrx_word' id='word_1_276' title='bbox 1360 2748 1528 2790; x_wconf 56' lang='lat' dir='ltr'><strong>differentia</strong></span> <span class='ocrx_word' id='word_1_277' title='bbox 1549 2753 1722 2788; x_wconf 79' lang='lat' dir='ltr'><strong>temporum</strong></span> <span class='ocrx_word' id='word_1_278' title='bbox 1743 2754 1786 2780; x_wconf 72' lang='lat' dir='ltr'><strong>est</strong></span> <span class='ocrx_word' id='word_1_279' title='bbox 1806 2750 1849 2779; x_wconf 81' lang='lat' dir='ltr'><strong>ad</strong></span> 
     </span>
    </p>

    <p class='ocr_par' dir='ltr' id='par_1_12' title="bbox 144 2785 1853 3172">
     <span class='ocr_line' id='line_1_26' title="bbox 148 2785 1250 2829; baseline -0.003 -7"><span class='ocrx_word' id='word_1_280' title='bbox 148 2791 180 2822; x_wconf 86' lang='lat' dir='ltr'><strong>A</strong></span> <span class='ocrx_word' id='word_1_281' title='bbox 197 2802 204 2821; x_wconf 73' lang='grc' dir='ltr'><strong>ε</strong></span> <span class='ocrx_word' id='word_1_282' title='bbox 225 2789 265 2826; x_wconf 82' lang='grc' dir='ltr'><strong>Β,</strong></span> <span class='ocrx_word' id='word_1_283' title='bbox 286 2787 419 2829; x_wconf 80' lang='lat' dir='ltr'><strong>ide6que</strong></span> <span class='ocrx_word' id='word_1_284' title='bbox 437 2790 467 2819; x_wconf 90' lang='lat' dir='ltr'><strong>A</strong></span> <span class='ocrx_word' id='word_1_285' title='bbox 484 2801 492 2820; x_wconf 68' lang='grc' dir='ltr'>ι</span> <span class='ocrx_word' id='word_1_286' title='bbox 513 2790 542 2820; x_wconf 91' lang='grc' dir='ltr'><strong>Β</strong></span> <span class='ocrx_word' id='word_1_287' title='bbox 557 2802 603 2818; x_wconf 92' lang='lat'><strong><em>=</em></strong></span> <span class='ocrx_word' id='word_1_288' title='bbox 618 2798 638 2818; x_wconf 83' lang='lat' dir='ltr'><strong>x</strong></span> <span class='ocrx_word' id='word_1_289' title='bbox 654 2801 662 2818; x_wconf 74' lang='lat' dir='ltr'><strong>t</strong></span> <span class='ocrx_word' id='word_1_290' title='bbox 681 2799 712 2828; x_wconf 84' lang='lat' dir='ltr'><strong>y.</strong></span> <span class='ocrx_word' id='word_1_291' title='bbox 759 2785 900 2827; x_wconf 75' lang='lat' dir='ltr'><strong>Ideoque</strong></span> <span class='ocrx_word' id='word_1_292' title='bbox 920 2797 974 2818; x_wconf 81' lang='lat' dir='ltr'><strong>ex·</strong></span> <span class='ocrx_word' id='word_1_293' title='bbox 1016 2798 1177 2824; x_wconf 72' lang='lat' dir='ltr'><strong>excessum,</strong></span> <span class='ocrx_word' id='word_1_294' title='bbox 1193 2788 1250 2819; x_wconf 75' lang='lat' dir='ltr'><strong>&amp;c-</strong></span> 
     </span>
     <span class='ocr_line' id='line_1_27' title="bbox 146 2829 1849 2874; baseline -0.001 -10"><span class='ocrx_word' id='word_1_295' title='bbox 146 2843 248 2864; x_wconf 64' lang='lat' dir='ltr'><strong>coesus</strong></span> <span class='ocrx_word' id='word_1_296' title='bbox 262 2838 436 2870; x_wconf 84' lang='lat' dir='ltr'><strong>temporum</strong></span> <span class='ocrx_word' id='word_1_297' title='bbox 446 2832 480 2861; x_wconf 88' lang='lat' dir='ltr'><strong>in</strong></span> <span class='ocrx_word' id='word_1_298' title='bbox 490 2831 593 2862; x_wconf 91' lang='lat' dir='ltr'><strong>medio</strong></span> <span class='ocrx_word' id='word_1_299' title='bbox 603 2830 762 2861; x_wconf 75' lang='lat' dir='ltr'><strong>resistente</strong></span> <span class='ocrx_word' id='word_1_300' title='bbox 776 2829 809 2859; x_wconf 88' lang='lat' dir='ltr'><strong>in</strong></span> <span class='ocrx_word' id='word_1_301' title='bbox 824 2829 979 2868; x_wconf 65' lang='lat' dir='ltr'><strong>duplicata</strong></span> <span class='ocrx_word' id='word_1_302' title='bbox 1007 2866 1010 2868; x_wconf 49' lang='grc'><strong>,</strong></span> <span class='ocrx_word' id='word_1_303' title='bbox 1051 2830 1109 2872; x_wconf 49' lang='grc'><strong>’(6)</strong></span> <span class='ocrx_word' id='word_1_304' title='bbox 1128 2833 1144 2850; x_wconf 72' lang='lat'>⁸</span> <span class='ocrx_word' id='word_1_305' title='bbox 1165 2832 1366 2863; x_wconf 76' lang='lat' dir='ltr'><strong>Oscillationes</strong></span> <span class='ocrx_word' id='word_1_306' title='bbox 1380 2833 1523 2863; x_wconf 68' lang='lat' dir='ltr'><strong>brevwres</strong></span> <span class='ocrx_word' id='word_1_307' title='bbox 1532 2838 1606 2863; x_wconf 76' lang='lat' dir='ltr'><strong>sunt</strong></span> <span class='ocrx_word' id='word_1_308' title='bbox 1614 2834 1709 2874; x_wconf 78' lang='lat' dir='ltr'><strong>nwgis</strong></span> <span class='ocrx_word' id='word_1_309' title='bbox 1720 2835 1849 2865; x_wconf 76' lang='lat' dir='ltr'><strong>isochro.</strong></span> 
     </span>
     <span class='ocr_line' id='line_1_28' title="bbox 145 2871 1850 2916; baseline 0.001 -10"><span class='ocrx_word' id='word_1_310' title='bbox 145 2876 263 2906; x_wconf 73' lang='lat' dir='ltr'><strong>ratione</strong></span> <span class='ocrx_word' id='word_1_311' title='bbox 272 2873 478 2910; x_wconf 57' lang='lat' dir='ltr'><strong>vammum,</strong></span> <span class='ocrx_word' id='word_1_312' title='bbox 493 2884 586 2914; x_wconf 81' lang='lat' dir='ltr'><strong>supra</strong></span> <span class='ocrx_word' id='word_1_313' title='bbox 599 2880 738 2912; x_wconf 83' lang='lat' dir='ltr'><strong>tempora</strong></span> <span class='ocrx_word' id='word_1_314' title='bbox 751 2871 784 2902; x_wconf 82' lang='lat' dir='ltr'><strong>in</strong></span> <span class='ocrx_word' id='word_1_315' title='bbox 798 2871 901 2902; x_wconf 85' lang='lat' dir='ltr'><strong>medio</strong></span> <span class='ocrx_word' id='word_1_316' title='bbox 914 2882 978 2902; x_wconf 87' lang='lat' dir='ltr'><strong>non</strong></span> <span class='ocrx_word' id='word_1_317' title='bbox 1020 2883 1071 2904; x_wconf 76' lang='lat' dir='ltr'><strong>m</strong></span> <span class='ocrx_word' id='word_1_318' title='bbox 1085 2879 1114 2904; x_wconf 80' lang='lat' dir='ltr'><strong>et</strong></span> <span class='ocrx_word' id='word_1_319' title='bbox 1127 2874 1307 2912; x_wconf 67' lang='lat' dir='ltr'><strong>brevissimae</strong></span> <span class='ocrx_word' id='word_1_320' title='bbox 1329 2875 1434 2905; x_wconf 81' lang='lat' dir='ltr'><strong>iisdem</strong></span> <span class='ocrx_word' id='word_1_321' title='bbox 1459 2877 1638 2915; x_wconf 76' lang='lat' dir='ltr'><strong>temporibus</strong></span> <span class='ocrx_word' id='word_1_322' title='bbox 1654 2883 1850 2916; x_wconf 59' lang='lat' dir='ltr'><strong>lav-aguntur</strong></span> 
     </span>
     <span class='ocr_line' id='line_1_29' title="bbox 145 2914 1849 2958; baseline 0.001 -10"><span class='ocrx_word' id='word_1_323' title='bbox 145 2919 305 2948; x_wconf 83' lang='lat' dir='ltr'><strong>resistente</strong></span> <span class='ocrx_word' id='word_1_324' title='bbox 328 2916 363 2946; x_wconf 87' lang='lat' dir='ltr'><strong>in</strong></span> <span class='ocrx_word' id='word_1_325' title='bbox 388 2917 520 2947; x_wconf 79' lang='lat' dir='ltr'><strong>arcubus</strong></span> <span class='ocrx_word' id='word_1_326' title='bbox 540 2916 745 2957; x_wconf 82' lang='lat' dir='ltr'><strong>inaequalibus</strong></span> <span class='ocrx_word' id='word_1_327' title='bbox 769 2919 843 2946; x_wconf 83' lang='lat' dir='ltr'><strong>sunt</strong></span> <span class='ocrx_word' id='word_1_328' title='bbox 871 2922 907 2946; x_wconf 87' lang='lat' dir='ltr'><strong>ut</strong></span> <span class='ocrx_word' id='word_1_329' title='bbox 930 2914 975 2944; x_wconf 87' lang='lat' dir='ltr'><strong>illi</strong></span> <span class='ocrx_word' id='word_1_330' title='bbox 1019 2926 1056 2946; x_wconf 88' lang='lat' dir='ltr'><strong>ac</strong></span> <span class='ocrx_word' id='word_1_331' title='bbox 1071 2917 1105 2947; x_wconf 80' lang='lat' dir='ltr'><strong>in</strong></span> <span class='ocrx_word' id='word_1_332' title='bbox 1119 2918 1216 2947; x_wconf 77' lang='lat' dir='ltr'><strong>medio</strong></span> <span class='ocrx_word' id='word_1_333' title='bbox 1228 2928 1291 2948; x_wconf 80' lang='lat' dir='ltr'><strong>non</strong></span> <span class='ocrx_word' id='word_1_334' title='bbox 1301 2918 1453 2947; x_wconf 81' lang='lat' dir='ltr'><strong>resistente</strong></span> <span class='ocrx_word' id='word_1_335' title='bbox 1462 2918 1709 2958; x_wconf 63' lang='lat' dir='ltr'><strong>quamproxime.</strong></span> <span class='ocrx_word' id='word_1_336' title='bbox 1736 2921 1755 2939; x_wconf 71' lang='lat'><em>*</em></span> <span class='ocrx_word' id='word_1_337' title='bbox 1770 2920 1849 2951; x_wconf 84' lang='lat' dir='ltr'><strong>Bre-</strong></span> 
     </span>
     <span class='ocr_line' id='line_1_30' title="bbox 144 2958 1850 3001; baseline 0.005 -17"><span class='ocrx_word' id='word_1_338' title='bbox 144 2970 243 2991; x_wconf 59' lang='grc' dir='ltr'><strong>πως,</strong></span> <span class='ocrx_word' id='word_1_339' title='bbox 1018 2958 1150 2989; x_wconf 84' lang='lat' dir='ltr'><strong>vissimae</strong></span> <span class='ocrx_word' id='word_1_340' title='bbox 1179 2958 1287 2989; x_wconf 90' lang='lat' dir='ltr'><strong>iisdem</strong></span> <span class='ocrx_word' id='word_1_341' title='bbox 1315 2960 1504 2998; x_wconf 87' lang='lat' dir='ltr'><strong>temporibus</strong></span> <span class='ocrx_word' id='word_1_342' title='bbox 1533 2967 1724 3001; x_wconf 85' lang='lat' dir='ltr'><strong>peraguntur</strong></span> <span class='ocrx_word' id='word_1_343' title='bbox 1751 2972 1788 2993; x_wconf 71' lang='lat' dir='ltr'><strong>ac</strong></span> <span class='ocrx_word' id='word_1_344' title='bbox 1815 2962 1850 2992; x_wconf 83' lang='lat' dir='ltr'><strong>in</strong></span> 
     </span>
     <span class='ocr_line' id='line_1_31' title="bbox 189 3000 1851 3045; baseline 0.002 -13"><span class='ocrx_word' id='word_1_345' title='bbox 189 3002 235 3045; x_wconf 67' lang='lat' dir='ltr'><strong>(b)</strong></span> <span class='ocrx_word' id='word_1_346' title='bbox 252 3003 270 3022; x_wconf 67' lang='lat'><strong>⁹</strong></span> <span class='ocrx_word' id='word_1_347' title='bbox 287 3002 474 3045; x_wconf 52' lang='lat' dir='ltr'><strong>Differentia</strong></span> <span class='ocrx_word' id='word_1_348' title='bbox 497 3007 664 3041; x_wconf 80' lang='lat' dir='ltr'><strong>temporum</strong></span> <span class='ocrx_word' id='word_1_349' title='bbox 688 3001 745 3031; x_wconf 82' lang='lat' dir='ltr'><strong>erit</strong></span> <span class='ocrx_word' id='word_1_350' title='bbox 766 3001 806 3030; x_wconf 85' lang='lat' dir='ltr'><strong>ad</strong></span> <span class='ocrx_word' id='word_1_351' title='bbox 827 3010 976 3031; x_wconf 70' lang='lat' dir='ltr'><strong>excessum</strong></span> <span class='ocrx_word' id='word_1_352' title='bbox 1018 3000 1122 3032; x_wconf 84' lang='lat' dir='ltr'><strong>medio</strong></span> <span class='ocrx_word' id='word_1_353' title='bbox 1137 3011 1201 3030; x_wconf 87' lang='lat' dir='ltr'><strong>non</strong></span> <span class='ocrx_word' id='word_1_354' title='bbox 1215 3001 1372 3031; x_wconf 81' lang='lat' dir='ltr'><strong>resistente</strong></span> <span class='ocrx_word' id='word_1_355' title='bbox 1385 3000 1479 3041; x_wconf 62' lang='lat' dir='ltr'><strong>quim</strong></span> <span class='ocrx_word' id='word_1_356' title='bbox 1489 3003 1649 3041; x_wconf 74' lang='lat' dir='ltr'><strong>proxime3</strong></span> <span class='ocrx_word' id='word_1_357' title='bbox 1665 3004 1706 3034; x_wconf 85' lang='lat' dir='ltr'><strong>sit</strong></span> <span class='ocrx_word' id='word_1_358' title='bbox 1719 3004 1748 3035; x_wconf 86' lang='lat' dir='ltr'><strong>A</strong></span> <span class='ocrx_word' id='word_1_359' title='bbox 1761 3014 1851 3035; x_wconf 74' lang='lat' dir='ltr'><strong>arcun</strong></span> 
     </span>
     <span class='ocr_line' id='line_1_32' title="bbox 146 3043 1851 3088; baseline 0.001 -11"><span class='ocrx_word' id='word_1_360' title='bbox 146 3046 286 3086; x_wconf 80' lang='lat' dir='ltr'><strong>temporis</strong></span> <span class='ocrx_word' id='word_1_361' title='bbox 306 3047 342 3076; x_wconf 84' lang='lat' dir='ltr'><strong>in</strong></span> <span class='ocrx_word' id='word_1_362' title='bbox 362 3055 440 3075; x_wconf 76' lang='lat' dir='ltr'><strong>arcu</strong></span> <span class='ocrx_word' id='word_1_363' title='bbox 460 3045 577 3075; x_wconf 80' lang='lat' dir='ltr'><strong>minure</strong></span> <span class='ocrx_word' id='word_1_364' title='bbox 590 3055 685 3084; x_wconf 80' lang='lat' dir='ltr'><strong>supra</strong></span> <span class='ocrx_word' id='word_1_365' title='bbox 700 3049 820 3083; x_wconf 84' lang='lat' dir='ltr'><strong>tempus</strong></span> <span class='ocrx_word' id='word_1_366' title='bbox 833 3044 867 3074; x_wconf 85' lang='lat' dir='ltr'><strong>in</strong></span> <span class='ocrx_word' id='word_1_367' title='bbox 881 3044 976 3073; x_wconf 79' lang='lat' dir='ltr'><strong>medio</strong></span> <span class='ocrx_word' id='word_1_368' title='bbox 1018 3044 1126 3084; x_wconf 81' lang='lat' dir='ltr'><strong>major,</strong></span> <span class='ocrx_word' id='word_1_369' title='bbox 1141 3044 1169 3074; x_wconf 91' lang='lat' dir='ltr'>B</span> <span class='ocrx_word' id='word_1_370' title='bbox 1182 3043 1339 3080; x_wconf 89' lang='lat' dir='ltr'><strong>minimus,</strong></span> <span class='ocrx_word' id='word_1_371' title='bbox 1351 3043 1511 3075; x_wconf 88' lang='lat' dir='ltr'><strong>inventum</strong></span> <span class='ocrx_word' id='word_1_372' title='bbox 1523 3051 1568 3076; x_wconf 83' lang='lat' dir='ltr'><strong>est</strong></span> <span class='ocrx_word' id='word_1_373' title='bbox 1581 3045 1628 3088; x_wconf 78' lang='lat' dir='ltr'><strong>(in</strong></span> <span class='ocrx_word' id='word_1_374' title='bbox 1639 3052 1712 3077; x_wconf 80' lang='lat' dir='ltr'><strong>nota</strong></span> <span class='ocrx_word' id='word_1_375' title='bbox 1723 3046 1753 3087; x_wconf 80' lang='lat'><strong>⁸)</strong></span> <span class='ocrx_word' id='word_1_376' title='bbox 1766 3046 1851 3088; x_wconf 92' lang='lat' dir='ltr'><strong>quod</strong></span> 
     </span>
     <span class='ocr_line' id='line_1_33' title="bbox 145 3086 1853 3132; baseline 0.001 -13"><span class='ocrx_word' id='word_1_377' title='bbox 145 3099 209 3119; x_wconf 79' lang='lat' dir='ltr'><strong>non</strong></span> <span class='ocrx_word' id='word_1_378' title='bbox 234 3089 388 3119; x_wconf 69' lang='lat' dir='ltr'><strong>resistente</strong></span> <span class='ocrx_word' id='word_1_379' title='bbox 408 3092 444 3119; x_wconf 78' lang='lat' dir='ltr'><strong>uc</strong></span> <span class='ocrx_word' id='word_1_380' title='bbox 465 3086 635 3128; x_wconf 54' lang='lat' dir='ltr'><strong>differentia</strong></span> <span class='ocrx_word' id='word_1_381' title='bbox 658 3096 792 3119; x_wconf 80' lang='lat' dir='ltr'><strong>arcuum</strong></span> <span class='ocrx_word' id='word_1_382' title='bbox 805 3087 847 3116; x_wconf 84' lang='lat' dir='ltr'><strong>ad</strong></span> <span class='ocrx_word' id='word_1_383' title='bbox 867 3096 975 3118; x_wconf 82' lang='lat' dir='ltr'><strong>arcu-m</strong></span> <span class='ocrx_word' id='word_1_384' title='bbox 1017 3092 1083 3117; x_wconf 81' lang='lat' dir='ltr'><strong>erat</strong></span> <span class='ocrx_word' id='word_1_385' title='bbox 1102 3096 1122 3116; x_wconf 83' lang='lat' dir='ltr'>v</span> <span class='ocrx_word' id='word_1_386' title='bbox 1139 3086 1170 3116; x_wconf 91' lang='lat' dir='ltr'><strong>A</strong></span> <span class='ocrx_word' id='word_1_387' title='bbox 1186 3096 1275 3116; x_wconf 88' lang='lat' dir='ltr'><strong>-m</strong></span> <span class='ocrx_word' id='word_1_388' title='bbox 1298 3087 1330 3116; x_wconf 90' lang='lat' dir='ltr'><strong>A</strong></span> <span class='ocrx_word' id='word_1_389' title='bbox 1355 3087 1386 3117; x_wconf 87' lang='lat' dir='ltr'><strong>A</strong></span> <span class='ocrx_word' id='word_1_390' title='bbox 1404 3099 1411 3118; x_wconf 74' lang='lat' dir='ltr'><strong><em>z</em></strong></span> <span class='ocrx_word' id='word_1_391' title='bbox 1429 3097 1448 3117; x_wconf 86' lang='lat' dir='ltr'>v</span> <span class='ocrx_word' id='word_1_392' title='bbox 1473 3087 1503 3118; x_wconf 88' lang='lat' dir='ltr'><strong>A</strong></span> <span class='ocrx_word' id='word_1_393' title='bbox 1524 3100 1571 3118; x_wconf 92' lang='lat'><strong><em>=</em></strong></span> <span class='ocrx_word' id='word_1_394' title='bbox 1588 3088 1640 3120; x_wconf 86' lang='lat' dir='ltr'><strong>T:</strong></span> <span class='ocrx_word' id='word_1_395' title='bbox 1662 3089 1692 3120; x_wconf 89' lang='lat' dir='ltr'>T</span> <span class='ocrx_word' id='word_1_396' title='bbox 1707 3090 1751 3132; x_wconf 75' lang='grc' dir='ltr'><strong>-Ι-</strong></span> <span class='ocrx_word' id='word_1_397' title='bbox 1767 3100 1798 3127; x_wconf 87' lang='lat' dir='ltr'><strong>x,</strong></span> <span class='ocrx_word' id='word_1_398' title='bbox 1821 3095 1853 3119; x_wconf 81' lang='lat' dir='ltr'><strong>et</strong></span> 
     </span>
     <span class='ocr_line' id='line_1_34' title="bbox 144 3128 1850 3172; baseline 0.001 -10"><span class='ocrx_word' id='word_1_399' title='bbox 144 3132 335 3172; x_wconf 62' lang='lat' dir='ltr'><strong>minorem-t.</strong></span> <span class='ocrx_word' id='word_1_400' title='bbox 1019 3128 1850 3170; x_wconf 84' lang='lat' dir='ltr'><strong>etiamquoderath—mBB:vB-—mAB</strong></span> 
     </span>
    </p>
   </div>
  </div>
 </body>
</html>
