2066 3548
177 257 325 299 Lmen
339 257 557 314 Saeuum]
599 256 921 299 PRINCIPIA
952 256 1446 299 MATHEMATICA.

127 407 137 415 ι
179 373 213 404 E
226 373 257 403 G
272 372 495 411 comprimitur,
504 372 599 406 estad
609 373 731 412 pondus
740 371 862 402 lineolae
875 371 905 402 E
918 372 960 407 G,
978 377 1013 402 ut

178 414 209 444 A
219 415 259 445 ad
269 414 300 444 E
315 415 356 450 G,
372 414 512 462 adeoque
523 425 560 445 ex
574 425 672 454 aequo,
684 414 730 443 vis
738 424 802 454 qua
811 413 924 444 lineola
937 414 966 444 Ε
981 414 1010 443 G

177 457 211 486 in
222 457 355 496 singulis
364 459 486 495 punctis
494 463 632 497 urgetur,
642 462 688 487 est
701 455 742 486 ad
756 457 822 496 ejus
832 455 964 495 pondus
978 462 1013 486 ut

181 499 213 530 0
227 499 333 535 R><A
346 499 387 529 ad
399 499 430 529 E
447 500 476 529 G
492 503 538 536 ><
543 499 583 534 V,
595 509 650 529 seu
662 505 698 528 ut
707 498 797 527 semi.
788 498 1011 537 -parameterin

168 543 221 577 'A,
234 541 559 590 ndvv(estenimo
575 540 655 571 Rad
671 540 701 570 E
720 540 958 570 GutTtadB
973 541 1010 576 C,

175 589 269 623 atque
280 582 350 613 ided
364 590 401 613 ut
414 583 503 614 semi-
491 589 676 622 -parameter
688 581 729 612 ad
743 582 787 621 V)
805 582 851 612 vel
864 589 900 612 ut
915 587 933 613 8
948 582 976 613 P
988 583 1011 613 S

179 626 342 662 andB
360 625 424 662 0²,
439 626 554 665 obVq
563 625 604 655 ad
614 625 867 664 BCqutsemi-
854 635 1008 663 --parame

175 668 219 697 tri
234 668 418 708 quadratum
432 668 471 698 ad
485 636 554 698 Τι(1
548 667 640 708 quad.
656 669 763 708 (atque
777 665 848 697 ideo
862 674 898 697 ut
911 670 930 697 8
943 667 972 698 P
988 667 1010 698 S

175 710 216 740 ad
230 709 556 749 semi-parametrum.)
582 710 689 745 Quare
699 709 773 740 cum
786 715 925 748 tempora
935 709 1006 750 qui-

175 753 234 782 bus
247 751 376 792 aequalia
389 761 517 790 corpora
528 762 582 790 per
590 752 721 792 aequalia
731 752 829 790 spatia
837 751 1003 790 impellun-

175 799 236 830 tur,
251 794 312 824 sint
321 793 476 833 reciproce
485 794 519 823 in
530 794 746 833 subduplicata
755 794 874 824 ratione
883 794 1004 830 virium,

174 837 233 866 erit
259 842 382 875 tempus
409 836 586 866 vibrationis
612 837 717 873 unius,
742 843 873 876 urgente
899 836 927 866 vi
949 835 1005 866 illa

174 878 308 914 clastica,
330 878 370 908 ad
384 884 506 917 tempus
527 879 621 908 unius
635 878 956 917 vibrationisurgente
971 879 1001 907 vi

173 920 354 960 ponderis,
345 931 377 950 ιιι
392 920 603 960 subduplicata
617 921 735 951 ratione
751 921 780 951 Β
793 920 819 951 C
830 919 895 950 ²ad
909 923 929 950 8
942 920 971 951 P
983 920 1005 950 S

178 967 213 1000 Χ
241 963 282 992 A.
333 966 437 1003 Atque
464 962 543 993 adeo
565 962 605 993 ad
629 969 752 1001 tempus
775 961 939 992 descensus
958 972 996 991 ex

173 1005 337 1035 altitudine
352 1005 373 1045 ὲ
391 1007 432 1042 A,
447 1005 481 1034 in
495 1004 707 1044 subduplicata
719 1004 837 1035 ratione
855 1005 883 1034 B
898 1005 950 1035 C²
961 1004 1002 1034 ad

174 1050 194 1076 8
207 1047 235 1077 P
251 1048 273 1077 S
291 1051 325 1084 ><
351 1050 377 1077 A
393 1055 425 1077 et
438 1047 651 1086 subduplicata
663 1048 781 1077 ratione
795 1050 815 1076 8
826 1046 856 1076 P
869 1047 891 1077 S
905 1046 944 1076 ad
958 1047 1000 1082 A,

174 1090 233 1119 hoc
247 1096 294 1119 est
306 1100 338 1119 ιιι
354 1089 470 1119 ratione
485 1090 603 1129 integra
620 1089 649 1119 B
668 1090 694 1120 C
708 1089 747 1119 ad
765 1089 809 1119 A.
849 1088 910 1119 Sed
924 1096 1002 1119 tem-

176 1141 251 1170 pore
266 1132 360 1161 unius
374 1132 548 1161 vibrationis
562 1131 670 1170 pulsus
690 1130 914 1171 progrediendo
927 1141 1001 1162 con-

177 1174 242 1203 ficit
256 1173 449 1204 latitudinem
464 1183 552 1203 suam
570 1174 598 1204 B
617 1174 653 1204 C.
701 1173 789 1213 Ergo
802 1179 925 1212 tempus
939 1183 1001 1214 quo

172 1216 282 1254 pulsus
311 1216 460 1254 percurrit
487 1215 620 1254 spatium
648 1215 677 1246 B
701 1216 726 1246 C
750 1222 795 1245 est
817 1216 856 1245 ad
879 1221 1001 1254 tempus

173 1258 335 1288 descensus
346 1268 382 1288 ex
394 1258 556 1288 altitudine
566 1257 588 1299 «ξ
599 1261 640 1294 A,
655 1264 690 1287 ut
704 1258 731 1287 B
747 1258 773 1288 C
784 1257 823 1287 ad
839 1259 878 1287 A.
890 1258 1000 1287 .Tem-

174 1310 233 1338 pus
254 1307 359 1330 autem
379 1310 442 1340 quo
463 1300 572 1349 pulsus
590 1300 740 1339 percurrit
761 1299 892 1338 spatium
913 1302 941 1329 A
958 1306 1003 1329 est

173 1342 214 1372 ad
228 1349 350 1380 tempus
363 1352 426 1382 quo
440 1343 588 1381 percurrit
602 1342 735 1381 spatium
758 1342 785 1372 B
805 1343 842 1378 C,
865 1347 901 1371 ut
919 1344 947 1372 A
963 1342 1002 1372 ad

176 1385 206 1415 B
226 1385 262 1421 C,
280 1383 419 1425 adeoque
433 1384 551 1425 aequale
567 1384 696 1423 tempori
710 1384 874 1414 descensus
881 1394 918 1414 ex
933 1384 1002 1414 alti-

173 1427 282 1457 tudine
298 1427 320 1448 -1-
342 1428 381 1457 A.
438 1444 441 1447 -

219 1468 285 1499 Hic
303 1469 483 1505 notandum,
499 1467 583 1509 quod
597 1468 729 1499 absurda
742 1468 791 1505 sit,
807 1474 838 1498 et
850 1467 940 1498 facile
953 1477 1001 1498 re-

172 1511 303 1541 futanda
325 1490 500 1549 hypothesis
521 1509 572 1540 hic
592 1518 758 1549 assumpta,
785 1511 870 1550 quod
890 1520 1002 1550 nempe

173 1554 282 1592 pulsus
311 1559 505 1593 propagetur,
541 1552 699 1591 particulis
727 1553 872 1583 euntibus
898 1559 930 1582 et
953 1563 1000 1583 re-

172 1596 338 1626 deuntibus
353 1605 407 1634 pro
422 1595 491 1635 lege
504 1595 605 1636 gravis
626 1595 816 1626 ascendentis
830 1602 861 1625 et
874 1594 998 1625 descen-

172 1637 281 1667 dentis.
330 1636 451 1667 Verum
472 1637 504 1667 id
525 1637 626 1676 ipsum
648 1643 694 1667 est
713 1638 796 1676 quod
811 1636 1000 1667 demonstra-

171 1680 288 1710 tionem
308 1680 542 1710 Newtonianam
565 1679 682 1715 evertit,
704 1678 893 1709 ostendendo
909 1680 999 1709 nimi-

171 1732 243 1751 rum
265 1732 334 1752 eam
360 1722 457 1761 ipsam
484 1720 624 1752 absurdae
649 1721 810 1760 hypothesi
834 1721 1000 1761 probandae

171 1774 260 1804 aeque
275 1774 428 1794 mservu'e·

215 1808 376 1837 Hactenus
396 1808 443 1844 vir
464 1807 671 1841 doctissimus,-
693 1811 868 1846 sequuntur
881 1818 916 1836 ea
930 1808 1000 1846 qui-

169 1850 226 1880 bus
239 1850 357 1879 restitui
366 1859 451 1888 posse
467 1849 703 1880 Newtom'anam
717 1850 1000 1880 demortua-atumem

176 1892 339 1922 credimus.

236 1976 288 2007 De
305 1975 446 2006 Motibus
459 1975 493 2005 in
510 1974 624 2006 Fluido
640 1975 777 2006 Elantico
794 1976 925 2008 Genitis.

216 2063 244 2090 1.
263 2061 454 2100 Hypotltesis.
497 2059 645 2098 Suppono
673 2059 811 2090 medium
840 2059 999 2090 elasticum

170 2110 308 2133 constare
321 2102 452 2140 punctis,
468 2103 637 2141 quantitate
651 2101 763 2142 exigua
777 2101 830 2132 sed
845 2101 932 2132 finita
941 2112 1001 2132 ase

162 2145 294 2181 dissitis,
317 2151 348 2174 et
363 2143 391 2173 vi
406 2143 558 2182 repulsiva
573 2142 694 2174 donatis
707 2154 778 2183 quae
796 2143 949 2174 distantiae
963 2144 1000 2174 il-

171 2187 272 2217 lorum
298 2192 484 2226 punctorum
509 2185 549 2215 sit
571 2185 725 2224 reciproce
746 2186 998 2225 proportionalis3

172 2239 230 2259 nec
250 2228 290 2259 ad
311 2229 380 2267 alia,
396 2234 512 2266 puncta
537 2234 648 2267 praeter
671 2238 708 2258 ea
732 2238 803 2268 quae
825 2228 1001 2259 immediate

170 2271 311 2311 proxima
321 2276 394 2300 sunt
402 2280 467 2300 sese
477 2270 631 2301 extendit:
650 2270 708 2300 hoc
719 2270 802 2300 enim
813 2270 906 2300 modo
915 2281 1000 2311 quae-

171 2323 305 2354 cumque
315 2313 355 2343 sit
365 2312 498 2352 partium
509 2311 602 2342 medii
612 2312 727 2343 elastici
738 2318 856 2347 natura,
871 2314 944 2342 satis
955 2314 1000 2342 fe-

171 2356 270 2386 liciter
283 2361 541 2394 repraesentantur
561 2354 688 2386 effectus
701 2355 755 2396 qui
770 2365 807 2384 ex
817 2364 925 2385 eorum
938 2354 1001 2386 ela-

171 2398 250 2429 terio
264 2397 409 2437 pendent.

214 2444 244 2471 2.
265 2442 359 2472 Corol.
381 2443 408 2470 1.
434 2439 535 2470 Medii
546 2439 660 2470 elastici
675 2445 771 2470 status
791 2439 940 2469 naturalis
954 2445 1000 2470 est

171 2489 209 2513 ut
222 2490 338 2522 puncta
351 2482 418 2523 ejus
432 2481 554 2513 elastica
563 2493 583 2512 a
592 2492 625 2513 se
639 2481 750 2512 mutuo
765 2482 923 2522 aequaliter
937 2482 998 2512 dis-

171 2531 247 2556 ten!-

215 2572 245 2598 8.
260 2569 355 2599 Corol-
375 2570 404 2597 2.
437 2566 560 2597 Puncta
579 2566 703 2597 elastica
723 2567 912 2597 velocitatem
929 2565 998 2596 fini-

172 2616 236 2640 tam
252 2609 404 2649 suscipere
418 2615 546 2648 possunt
560 2609 607 2639 vel
623 2619 677 2649 per
697 2609 910 2639 immediatum
925 2619 997 2639 con-

171 2657 291 2682 tactum
305 2652 438 2691 eorporis
451 2651 538 2689 moti,
555 2652 713 2682 velocitate
726 2650 784 2682 sua
798 2650 886 2681 finita
900 2661 998 2690 punc

172 2700 242 2726 tum
263 2693 421 2724 elasticum
443 2694 583 2735 urgentis
597 2695 646 2724 vel
660 2704 714 2732 per
727 2694 880 2724 actionem
900 2694 998 2723 conti-

172 2737 301 2767 nuatam
315 2736 361 2766 vis
373 2735 533 2775 repulsivae
547 2745 733 2776 punctorum
755 2735 949 2765 elasticorum
971 2736 997 2765 si

172 2781 212 2810 ab
226 2788 292 2809 una
304 2783 390 2816 parte
403 2777 510 2809 fortior
523 2779 563 2808 sit
576 2789 669 2818 quam
683 2780 722 2808 ab
737 2777 807 2807 alia.
849 2778 998 2818 Reliqum

173 2830 281 2851 causas
293 2827 417 2856 motus,
422 2825 459 2850 ut
471 2822 661 2861 gravitatem,
677 2820 755 2850 vires
765 2819 922 2857 centrales,
938 2821 994 2851 &c-

172 2864 223 2894 hic
236 2872 300 2893 non
315 2862 552 2893 consideramus.

215 2907 424 2936 4.Theor.1.
451 2905 484 2935 Si
498 2905 642 2936 velocitas
657 2905 743 2934 finita
755 2903 998 2944 quomodocum-

171 2958 233 2988 que
247 2947 398 2977 excitetur
410 2947 445 2976 in
459 2955 575 2986 puncto
589 2948 722 2983 elasam,
738 2946 890 2977 distantiae
905 2947 971 2987 ejus
981 2958 1001 2977 a

171 2989 313 3030 proximo
333 2994 451 3027 puncto
464 2998 568 3019 versus
581 2990 665 3030 quod
681 2995 821 3030 movetur
837 2989 1002 3025 minuetur

171 3031 262 3062 finita
274 3031 446 3071 quantitate
458 3037 624 3071 antequam
638 3033 672 3062 in
687 3032 805 3071 reliquo
819 3031 922 3061 medio
937 3032 1001 3062 fac

171 3081 223 3104 tus
237 3074 276 3104 sit
292 3073 376 3103 ullus
389 3079 494 3103 motus
506 3073 631 3114 ullaque
652 3073 854 3113 compressio:
880 3073 942 3104 sint
958 3075 999 3111 A,

173 3116 215 3154 B,
234 3117 274 3154 C,
299 3116 359 3147 tria
382 3121 499 3154 puncta
519 3117 614 3147 medii
638 3116 753 3148 clastici
779 3114 1029 3157 aequidistantia,

1801 261 1884 302 275

1054 377 1215 402 moveatur
1232 371 1262 401 A
1278 381 1384 401 versus
1408 371 1437 402 B
1452 370 1612 402 velocitate
1632 371 1729 407 finita,
1753 379 1785 403 et
1805 378 1884 403 tem-

1053 423 1128 453 pore
1155 412 1277 444 infinite
1303 423 1399 452 parvo
1426 413 1577 444 describat
1605 414 1738 452 spatium
1766 414 1915 466 infinite

1053 465 1182 495 parvum
1198 456 1287 494 prImi
1306 455 1422 486 ordinis
1438 458 1468 487 A
1484 466 1512 490 a,
1535 456 1582 486 vis
1595 456 1707 486 motrix
1730 457 1837 495 puncti
1855 446 1915 488 15¹

1053 498 1112 528 erit
1124 497 1297 528 differentia
1311 498 1422 528 virium
1438 497 1660 536 repulsivamm
1682 499 1790 536 puncti
1807 499 1839 529 A
1853 508 1885 530 et

1057 540 1094 576 C,
1117 548 1163 570 est
1181 547 1285 570 autem
1301 538 1346 570 vis
1359 540 1512 579 repulsiva
1532 540 1640 589 puncti
1656 540 1688 571 A
1704 540 1757 570 ubi
1778 551 1882 580 perve-

1053 582 1148 612 nitin
1163 593 1190 618 a,
1213 582 1254 612 ad
1267 583 1329 612 vim
1350 583 1459 621 puncti
1479 583 1506 614 C
1530 584 1571 625 (si
1591 583 1651 612 ἱιιιρ

1050 631 1171 655 ιιιοιιιιιι
1181 625 1385 664 supponatur)
1397 631 1433 655 ut
1444 626 1473 656 B
1487 626 1513 658 C
1524 625 1565 656 ad
1579 625 1607 656 B
1619 635 1647 662 a,

1051 666 1261 697 etdividendo
1282 668 1326 696 vis
1346 668 1459 698 motrix
1480 667 1588 716 puncti
1605 668 1645 704 B,
1683 663 1692 680 ¹

1050 708 1092 740 ad
1116 709 1181 739 vim
1202 709 1387 748 repulsivam
1412 710 1520 748 puncti
1548 710 1585 746 C,
1611 715 1648 740 ut
1671 696 1702 726 A
1735 706 1755 727 ⁸
1787 696 1818 727 B
1853 696 1879 727 C

1049 751 1078 782 B
1098 751 1555 792 c—Ba(=Aa)adBa.
1584 751 1648 783 Sed

1050 795 1080 824 A
1096 804 1124 830 a,
1139 799 1186 824 est
1198 793 1318 824 infinite
1332 804 1460 833 parvum
1476 804 1514 825 ex
1529 794 1688 833 hypothesi
1703 801 1735 825 et
1753 794 1782 825 B
1797 805 1817 824 a
1830 800 1877 825 est

1048 835 1136 866 finita
1155 836 1318 877 quantitas,
1344 846 1420 876 ergo
1440 837 1486 866 vis
1507 836 1619 866 motrix
1639 837 1748 875 puncti
1767 838 1808 873 B,
1830 843 1876 866 est

1046 877 1168 908 infinite
1188 888 1281 917 parva
1301 878 1346 908 vis
1366 885 1506 917 respectu
1527 879 1574 908 vis
1593 879 1755 917 repulsivae
1769 879 1877 917 puncti

1050 920 1086 955 C,
1109 930 1180 960 quae
1194 921 1239 950 vis
1252 920 1404 960 repulsiva
1418 931 1475 959 pro
1488 921 1555 960 ipsa
1569 920 1598 950 vi
1613 921 1746 951 naturali
1760 921 1877 951 elaterii

1041 962 1158 992 assumi
1178 966 1296 1001 potest;
1320 962 1365 992 vis
1378 970 1483 994 autem
1505 962 1692 993 elasticitatis
1705 970 1751 993 est
1768 973 1805 993 ex
1821 973 1872 1002 ge-

1043 1014 1115 1034 nere
1137 1006 1338 1043 pressionum,
1360 1011 1499 1044 tempore
1522 1002 1642 1035 infinite
1670 1015 1763 1044 parvo
1792 1005 1876 1035 velo-

1043 1046 1167 1076 citatem
1182 1046 1302 1077 infinite
1316 1057 1442 1086 parvam
1456 1053 1627 1088 generaret,
1648 1058 1718 1087 quae
1733 1047 1876 1077 velocitas

1044 1088 1163 1119 infinite
1188 1099 1282 1128 parva
1308 1090 1439 1120 durante
1462 1097 1602 1128 tempore
1628 1089 1749 1120 infinite
1771 1100 1873 1129 parvo,

1044 1131 1179 1169 spatium
1194 1130 1312 1162 infinite
1326 1142 1455 1170 parvum
1475 1132 1602 1162 secundi
1624 1131 1741 1161 ordinis
1761 1132 1875 1162 descri-

1043 1172 1114 1203 bere
1128 1172 1258 1204 faceret:
1283 1184 1357 1214 ergo
1371 1174 1521 1214 siquidem
1537 1174 1583 1203 vis
1596 1174 1708 1204 motrix
1723 1174 1831 1213 puncti
1845 1174 1874 1204 B

1043 1215 1138 1255 hujus
1163 1217 1207 1245 vis
1231 1223 1370 1257 respectu
1398 1222 1445 1247 est
1464 1215 1587 1246 infinite
1610 1226 1714 1255 parva,
1738 1222 1875 1255 tempore

1043 1256 1163 1287 infinite
1177 1268 1271 1297 parvo
1292 1258 1425 1297 spatium
1440 1257 1562 1288 infinite
1576 1268 1705 1298 parvum
1726 1258 1877 1296 duntaxat

1045 1299 1127 1329 tertii
1140 1300 1257 1330 ordinis
1270 1299 1439 1331 describere
1450 1301 1582 1337 faceret;
1599 1300 1705 1330 nullus
1719 1311 1794 1340 ergo
1807 1310 1875 1330 mo-

1045 1346 1096 1371 tus
1110 1342 1142 1372 in
1154 1349 1270 1381 puncto
1284 1343 1312 1373 B
1324 1343 1520 1382 generabitur
1532 1342 1590 1372 nisi
1600 1343 1731 1382 spatium
1742 1343 1875 1381 descrip-

1045 1390 1114 1414 tum
1131 1385 1158 1414 A
1177 1395 1196 1415 a
1209 1385 1248 1414 sit
1262 1385 1349 1415 finita
1363 1385 1528 1425 quantitas,
1543 1384 1630 1414 nulla
1639 1395 1713 1425 ergo
1724 1385 1779 1415 erit
1791 1395 1876 1416 com-

1044 1427 1158 1465 pressio
1171 1427 1252 1457 iuter
1267 1433 1384 1466 puncta
1401 1427 1429 1457 Β
1445 1433 1476 1457 et
1493 1427 1530 1457 C.
1580 1427 1621 1462 Q.
1635 1437 1662 1457 e.
1679 1427 1712 1457 d.
1878 1438 1880 1440 ·

1087 1471 1117 1499 5.
1139 1471 1232 1500 Cor-⁰1.
1251 1472 1278 1499 1.
1303 1469 1420 1500 Nullus
1429 1479 1504 1509 ergo
1518 1475 1622 1499 motus
1629 1479 1668 1498 ex
1680 1475 1796 1507 puncto
1810 1479 1876 1499 me-

1044 1509 1086 1540 dii
1102 1511 1217 1541 elastici
1230 1511 1263 1540 in
1275 1518 1427 1550 punctum
1437 1510 1613 1550 proximum
1625 1511 1807 1541 transfertur
1817 1512 1876 1541 nisi

1042 1559 1112 1592 post
1124 1559 1248 1593 tempus
1261 1553 1395 1590 finitum,
1417 1561 1491 1583 nam
1507 1552 1642 1592 spatium
1657 1552 1782 1586 finitum
1799 1556 1828 1583 A
1845 1564 1874 1590 a,

1042 1595 1166 1625 nonnisi
1180 1603 1318 1635 tempore
1332 1596 1420 1626 finito
1434 1595 1571 1635 percurri
1591 1601 1691 1635 potest
1711 1605 1766 1635 per
1788 1595 1871 1626 velo-

1045 1637 1168 1668 citatem
1182 1638 1312 1669 finitam.

1085 1684 1115 1711 6.
1135 1681 1228 1712 θοι-οῖ.
1247 1684 1276 1710 2.
1294 1679 1347 1711 Et
1363 1679 1504 1711 velocitas
1520 1680 1607 1711 finita
1620 1680 1653 1710 in
1668 1686 1786 1719 puncto
1796 1680 1874 1711 elas-

1043 1721 1105 1752 tico
1130 1723 1260 1753 excitata
1284 1732 1348 1752 non
1375 1723 1548 1753 mutabitur
1576 1720 1636 1752 nisi
1657 1729 1725 1761 post
1749 1728 1874 1762 tempus

1041 1763 1165 1795 finitum
1179 1771 1209 1795 et
1224 1771 1383 1805 postquam
1399 1765 1569 1804 quantitate
1584 1762 1673 1795 finini
1684 1766 1870 1804 processerit.

1045 1807 1116 1837 Sint
1139 1807 1222 1837 enim
1247 1807 1340 1838 medii
1365 1806 1523 1846 particulae
1547 1807 1583 1843 Z,
1602 1808 1643 1841 A.
1665 1808 1703 1844 B,
1729 1807 1875 1846 procedat

1043 1854 1198 1888 punctum
1223 1850 1253 1879 A
1280 1849 1439 1880 velocitate
1463 1847 1551 1879 finita
1581 1855 1750 1889 utcumque
1779 1850 1812 1879 in
1840 1850 1872 1880 id

1044 1898 1196 1930 punctum
1224 1891 1382 1940 producta,
1412 1897 1443 1922 et
1470 1897 1609 1931 tempore
1637 1889 1758 1922 infinite
1780 1901 1875 1932 parvo

1044 1933 1196 1964 describat
1216 1934 1349 1973 spatium
1371 1933 1491 1964 infinite
1512 1943 1643 1973 parvum

1048 1976 1078 2006 A
1093 1987 1121 2010 a,
1145 1977 1192 2006 vis
1211 1987 1275 2016 qua
1295 1977 1417 2007 sistetur
1437 1986 1474 2006 ea
1495 1976 1639 2007 velocitas
1662 1991 1687 2020 Ζ
1749 1990 1780 2020 A
1841 1990 1872 2022 Β

1043 2017 1159 2048 orietur
1172 2029 1209 2049 ex
1225 2018 1396 2049 differentia
1411 2018 1523 2048 virium
1538 2018 1638 2048 elasti-

1044 2070 1149 2090 carum
1163 2061 1271 2099 puncti
1287 2061 1313 2091 Z
1322 2067 1354 2091 et
1366 2060 1474 2100 puncti
1486 2061 1522 2097 B,
1535 2067 1641 2100 astque
1661 2061 1874 2086 -1—-.-·—.

1042 2102 1087 2131 vis
1095 2103 1203 2141 puncti
1214 2103 1242 2134 B
1251 2102 1291 2133 ad
1301 2103 1362 2132 vim
1373 2102 1480 2142 puncti
1492 2098 1517 2132 Ζ
1526 2108 1563 2131 ιιι
1575 2103 1603 2132 A
1618 2102 1646 2132 B
1800 2112 1821 2133 a

1044 2144 1087 2186 -1-
1103 2145 1134 2174 A
1146 2143 1212 2175 aad
1230 2146 1261 2175 A
1274 2145 1356 2175 13-
1370 2145 1439 2182 Aa,
1455 2149 1486 2174 et
1499 2142 1639 2174 dividen-

1040 2186 1083 2217 do
1110 2186 1158 2216 vis
1186 2185 1296 2215 sistens
1323 2191 1476 2223 punctum
1501 2184 1533 2214 A
1557 2184 1596 2214 ad
1618 2185 1681 2215 vim
1702 2185 1810 2224 puncti
1834 2186 1866 2223 Z,
1907 2197 1911 2200 ·

1042 2234 1079 2258 ut
1099 2226 1500 2263 2AaadAB—Aa,
1523 2226 1577 2257 sed
1600 2227 1665 2258 Aa
1685 2235 1732 2258 est
1752 2228 1873 2260 infinite

1043 2280 1173 2309 parvum
1187 2276 1325 2309 respectu
1339 2269 1518 2310 quantitatis
1535 2271 1564 2299 A
1584 2270 1612 2300 B
1627 2287 1670 2294 —
1688 2270 1718 2300 A
1733 2280 1761 2306 a,
1784 2280 1870 2312 ergo,

1043 2313 1088 2342 vis
1102 2313 1211 2343 sistens
1224 2319 1376 2352 punctum
1394 2313 1425 2342 A
1441 2318 1487 2342 est
1500 2310 1621 2342 infinite
1634 2322 1738 2350 parva,
1752 2322 1871 2352 respec-

1042 2360 1078 2384 tu
1092 2356 1138 2385 vis
1151 2355 1259 2394 puncti
1283 2355 1319 2391 Z,
1345 2365 1416 2394 quae
1439 2360 1484 2384 est
1506 2355 1551 2384 vis
1572 2353 1686 2384 elaterii
1708 2355 1868 2391 naturalis,

1042 2394 1113 2427 ideo
1136 2397 1258 2439 (eodem
1279 2397 1375 2427 modo
1395 2407 1431 2427 ac
1451 2396 1485 2426 in
1501 2396 1715 2426 Theorematis
1740 2395 1870 2427 demon-

1041 2446 1170 2470 stratum
1185 2440 1260 2480 suit)
1275 2439 1463 2479 probabitur,
1478 2439 1541 2468 vim
1558 2438 1642 2468 illam
1661 2443 1799 2477 tempore
1818 2439 1869 2469 in-

1042 2481 1128 2513 finite
1143 2492 1265 2520 parvos
1250 2481 1383 2521 spatium
1397 2480 1516 2512 infinite
1525 2491 1652 2520 parvum
1665 2481 1745 2511 tertii
1755 2481 1871 2511 ordinis

1041 2526 1278 2572 producturam.
1310 2533 1405 2564 quare
1426 2523 1544 2554 etiamsi
1565 2523 1689 2563 singula
1716 2529 1831 2562 puncta
1851 2534 1871 2554 a

1041 2574 1127 2604 parte
1145 2567 1173 2597 B
1188 2566 1287 2605 posita
1301 2566 1412 2606 aequali
1426 2565 1456 2595 vi
1471 2572 1596 2606 agerent
1617 2575 1787 2606 eorumque
1807 2576 1868 2596 nu-

1041 2619 1144 2639 merus
1157 2608 1298 2639 infinitus
1311 2608 1399 2645 foret,
1423 2608 1501 2638 vires
1516 2607 1578 2637 illae
1599 2616 1706 2638 omnes
1727 2616 1791 2638 non
1811 2602 1870 2638 nisi

1041 2652 1175 2690 spatium
1189 2650 1309 2681 infinite
1322 2660 1451 2690 parvum
1467 2649 1594 2680 secundi
1617 2650 1731 2679 ordinis
1750 2649 1871 2681 infinite

1041 2703 1135 2732 parvo
1160 2699 1297 2732 tempore
1321 2703 1360 2723 ex
1385 2693 1482 2732 spatio
1510 2692 1541 2722 A
1563 2702 1581 2721 a
1603 2691 1710 2722 eodem
1733 2698 1871 2732 tempore

1041 2736 1194 2775 descripto
1208 2735 1411 2771 detraherent,
1433 2740 1572 2764 maneret
1585 2733 1690 2773 itaque
1703 2733 1797 2771 idem,
1818 2745 1870 2765 ve-

1040 2778 1148 2808 locitas
1190 2788 1265 2818 ergo
1281 2777 1386 2816 puncti
1401 2778 1432 2806 A
1444 2786 1507 2805 non
1519 2776 1690 2806 mutabitur
1700 2786 1738 2806 ex
1750 2777 1871 2807 actione

1040 2821 1180 2850 omnium
1196 2827 1380 2859 punctorum
1390 2818 1484 2848 medii
1496 2817 1622 2854 elastici,
1639 2818 1698 2848 nisi
1712 2825 1782 2858 post
1791 2824 1869 2850 tem-

1040 2873 1100 2902 pus
1121 2862 1245 2892 finitum
1266 2868 1297 2892 et
1317 2868 1478 2902 postquam
1499 2859 1586 2900 finita
1607 2860 1778 2901 quantitate
1797 2871 1869 2902 pro-

1041 2905 1173 2935 amerit.

1085 2951 1114 2979 7.
1137 2948 1230 2978 Corol.
1245 2950 1274 2977 3.
1298 2944 1331 2976 Si
1341 2945 1745 2994 considerenturinnumera
1754 2953 1871 2986 puncta

1043 2990 1166 3021 elastica
1180 2988 1310 3018 ordine·
1302 2998 1334 3017 m
1349 2985 1432 3018 linea
1446 2988 1528 3018 recta
1539 2987 1654 3027 posita,
1663 2998 1720 3018 nec
1731 2989 1870 3020 attenda-

1043 3039 1095 3063 tur
1109 3031 1149 3062 ad
1163 3032 1223 3062 alia
1237 3041 1306 3071 quae
1321 3030 1562 3070 circumquaque
1583 3022 1716 3060 solidum
1723 3032 1872 3081 spatium

1044 3075 1247 3110 constituunt,
1263 3073 1290 3103 si
1306 3083 1404 3103 unum
1413 3073 1572 3103 velocitate
1583 3072 1670 3103 finita
1677 3083 1873 3114 quacumque

1045 3127 1083 3148 ex
1099 3127 1192 3148 causa
1211 3121 1368 3157 urgeatur,
1391 3125 1462 3156 quae
1483 3121 1627 3146 constans
1640 3115 1676 3146 in
1689 3125 1727 3147 eo
1740 3122 1873 3152 maneat,

981 3174 1038 3205 S2
