2066 3548
176 239 325 316 Lmen
346 273 563 325 Saeuum]
608 267 928 316 PRINCIPIA
963 271 1457 318 MATHEMATICA.

1815 288 1897 325 149

173 401 337 444 porum,
359 394 402 429 et
419 396 643 444 propterea
662 387 911 445 quantitates
932 387 1117 428 materiae
1137 395 1232 429 sunt
1243 396 1291 429 ut
1305 390 1412 432 vires
1424 390 1617 432 motrices
1631 400 1674 433 et
1693 394 1893 448 quadrata

173 473 420 516 temporum,
442 461 486 502 id
506 469 580 513 est,
603 470 650 503 ut
667 460 856 517 pondera
876 468 918 502 et
936 460 1136 516 quadrata
1157 468 1407 517 temporum.

232 532 364 572 Corol.
389 536 426 572 1.

170 604 280 661 gulis
305 605 549 661 corporibus
570 612 692 647 erunt
711 611 759 646 ut
776 604 977 659 pondera.

1469 462 1562 519 (ῆι
1576 465 1631 514 Q.
1654 481 1690 507 e.
1711 466 1753 508 d.

476 531 662 587 Ideoque
683 531 718 571 si
738 538 928 586 tempora
948 538 1046 573 sunt
1063 531 1253 588 aequalia,
1277 536 1525 589 quantitates
1544 536 1730 578 materiae
1751 537 1794 577 in
1808 537 1891 578 sin-

232 679 365 720 Corol.
386 683 428 720 2.
490 679 536 720 Si
555 677 744 734 pondera
764 685 860 720 sunt
879 678 1067 734 aequalia,
1090 678 1338 734 quantitates
1367 680 1553 721 materiae
1582 689 1706 723 erunt
1724 688 1771 722 ut
1789 697 1889 738 qua-

170 749 290 790 drata
307 756 556 804 temporum.

228 822 359 862 Corol.
382 826 422 861 3.

168 890 369 947 quadrata
392 898 642 945 temporum.

227 963 358 1004 Corol.
381 967 420 1003 4.

483 820 529 862 Si
549 820 795 876 quantitates
810 820 996 862 matefiae
1014 827 1246 877 sequantur,
1268 821 1458 902 pondera
1476 830 1601 864 erunt
1618 822 1831 878 reciproce
1842 833 1889 866 ut

482 960 533 1017 (Κ)
566 961 693 1004 Unde
714 976 809 1003 cum
829 962 1030 1018 quadrata
1058 971 1308 1019 temporum,
1341 965 1502 1006 caeteris
1521 966 1706 1021 paribus,
1739 966 1822 1007 sint
1841 975 1888 1008 ut

166 1033 444 1091 longitudines
475 1035 776 1090 pendulorum3
810 1035 844 1076 si
864 1043 905 1076 et
923 1043 1113 1091 tempora
1141 1045 1184 1078 et
1213 1038 1461 1093 quantitates
1493 1039 1676 1080 materiae
1711 1039 1887 1095 aequalia

166 1115 273 1158 sunt,
298 1108 340 1163 (¹)
361 1108 549 1163 pondera
569 1117 690 1150 erunt
709 1117 756 1150 ut
773 1108 1054 1165 longitudines
1074 1110 1367 1165 pendulorum.

209 1223 280 1266 (ἢ)
311 1225 398 1258 Quod
420 1230 485 1254 erat
508 1226 791 1254 demonstrandum.
841 1226 858 1243 ¹*
885 1223 925 1253 In
946 1223 1002 1254 de-

164 1266 384 1296 monstratione
405 1267 570 1304 probatum
583 1273 629 1296 est
642 1265 725 1306 quod
741 1266 767 1295 si
788 1265 1003 1296 describantur

165 1318 255 1339 arcus
277 1307 410 1348 aequales
436 1308 469 1338 D
495 1309 532 1346 C,
563 1308 584 1338 d
605 1319 622 1338 c
650 1308 837 1348 quantitates
863 1308 1001 1337 materiae

165 1356 240 1381 sunt
253 1356 290 1380 ut
303 1350 440 1389 pondera
453 1356 484 1381 et
497 1350 647 1390 quadrata
660 1356 846 1389 temporum,
861 1356 1002 1380 sumatur

159 1393 227 1434 jam
241 1403 330 1423 arcus
343 1394 364 1423 b
378 1403 395 1423 c
405 1394 504 1434 major
514 1393 563 1422 vel
573 1393 677 1422 minor
685 1402 759 1422 arcu
773 1392 795 1422 d
809 1392 894 1422 used
903 1403 1002 1432 quan-

163 1436 264 1466 titates
292 1435 429 1465 materiae
457 1442 489 1465 et
516 1435 654 1474 pondera
682 1435 827 1475 utrinque
854 1437 1001 1465 maneant

164 1478 272 1508 eadem
286 1488 357 1518 quae
378 1477 472 1516 prius,
501 1483 532 1508 et
554 1477 665 1516 pariter
678 1479 718 1507 ob
733 1477 1000 1507 isochroneitatem

163 1530 267 1551 cunae
279 1521 301 1550 b
315 1519 336 1550 d
351 1529 379 1556 c,
393 1526 516 1558 tempus
530 1519 729 1550 oscillationis
742 1529 798 1558 per
811 1520 831 1549 b
842 1529 869 1555 c,
881 1518 999 1559 aequale

163 1563 222 1592 erit
245 1562 375 1601 tempori
400 1561 598 1592 oscillationis
618 1571 674 1601 per
694 1561 715 1591 d
729 1571 757 1598 c,
782 1559 914 1601 ide6que
928 1561 997 1601 qui-

163 1615 297 1646 cumque
311 1604 373 1634 sint
386 1614 476 1635 arcus
489 1603 632 1643 descripti
647 1603 673 1634 si
687 1583 781 1634 modo
789 1610 912 1634 maneat
922 1615 998 1643 pen-

162 1647 230 1677 duli
251 1646 426 1687 longitudo,
451 1646 621 1686 eademque
645 1646 685 1676 sit
707 1646 853 1686 utrinque
874 1647 996 1686 cyclois,

162 1689 276 1729 pariter
291 1699 399 1719 verum
414 1689 472 1719 erit
485 1688 568 1729 quod
583 1689 767 1729 quantitates
779 1690 914 1719 materiae
928 1695 1002 1720 sunt

162 1738 199 1762 ut
213 1731 352 1771 pondera
367 1738 398 1762 et
411 1731 561 1772 quadrata
574 1737 750 1771 temporum
759 1731 995 1762 oscillationum.

208 1774 257 1816 (Β)
288 1776 376 1805 Unde
406 1786 478 1805 cum
507 1776 660 1814 quadrata
689 1780 860 1813 temporum
886 1776 998 1805 coeten‘s

155 1819 283 1858 parthus
297 1819 355 1848 sint
370 1823 405 1848 ut
420 1818 624 1856 longitudines
634 1818 854 1856 pendulormn.
888 1819 904 1836 ⁸
923 1817 949 1847 F
950 1817 998 1846 in

161 1865 254 1900 gatur
279 1859 309 1890 L
333 1859 370 1895 C,
392 1859 436 1889 lc
457 1858 620 1899 inaequalia
640 1869 714 1896 esse,
742 1865 773 1889 et
793 1869 882 1889 arcus
906 1859 939 1889 D
958 1860 994 1895 C,

161 1902 183 1933 d
197 1912 214 1932 c
229 1912 293 1932 non
307 1901 388 1932 sumi
402 1901 535 1942 aequales
549 1907 586 1931 ut
599 1901 694 1940 prius,
716 1901 771 1932 sed
785 1902 908 1938 similes
932 1902 996 1932 sive

161 1944 402 1984 proportionales
422 1943 668 1985 longitudinibus
690 1944 720 1974 L
738 1944 774 1981 C,
801 1944 854 1981 lc,
877 1950 996 1975 secetur

165 1987 200 2017 D
218 1986 647 2027 Cinpartesaequalesinter
663 1997 706 2023 se,
729 1993 760 2017 et
780 1986 995 2026 dcinpartes

161 2029 285 2063 similes,
309 2030 353 2059 ita
371 2034 408 2059 ut
428 2029 467 2059 sit
491 2029 571 2059 DE
593 2028 633 2059 ad
653 2029 707 2059 de
727 2035 765 2059 ut
787 2029 817 2059 L
841 2030 868 2060 C
890 2029 930 2059 ad
951 2029 995 2059 lc

162 2071 323 2111 ductisque
347 2070 574 2110 perpendiculis
597 2071 631 2101 D
647 2071 696 2107 M,
721 2071 751 2101 E
769 2071 812 2107 N,
835 2070 856 2100 d
870 2081 912 2108 m,
929 2082 947 2101 e
961 2081 993 2108 n,

161 2114 218 2144 διο.
242 2113 340 2153 liquet
353 2123 391 2143 ex
406 2113 608 2143 similitudine
625 2113 797 2153 figurarum
817 2113 996 2144 altitudines

163 2156 388 2192 MNetmn‚
406 2156 445 2185 M
464 2155 626 2192 Retmr,
649 2155 704 2185 &a
723 2155 895 2185 esseetiam
916 2156 996 2186 inter

161 2209 195 2229 se
208 2198 241 2228 in
252 2198 372 2228 ratione
388 2198 418 2228 L
436 2198 462 2228 C
478 2197 518 2228 ad
533 2197 543 2226 1
558 2207 585 2233 c,
602 2197 777 2227 velocitates
790 2196 863 2228 ver&
884 2198 997 2238 quibus

161 2241 377 2271 describuntur
397 2250 486 2271 arcus
510 2240 540 2270 E
559 2239 595 2277 F,
615 2240 643 2270 F
660 2240 691 2270 G
705 2246 778 2270 sunt
792 2246 828 2270 ut
844 2242 886 2280 ς]
907 2241 946 2271 M
963 2240 996 2271 N

160 2283 202 2314 ad
222 2285 265 2324 4!
285 2284 323 2314 M
343 2283 384 2319 R,
407 2288 438 2313 et
452 2282 624 2312 velocitates
644 2282 756 2322 quibus
781 2282 996 2313 describuntur

159 2335 250 2357 arcus
271 2325 325 2362 ef,
351 2326 402 2366 fg
426 2331 500 2355 sunt
523 2331 560 2355 ut
582 2324 919 2366 anadffmr,
941 2325 996 2356 sed

159 2369 233 2409 quia
249 2369 288 2399 M
305 2368 336 2398 N
351 2375 382 2398 et
401 2378 432 2397 ιιι
448 2377 478 2403 ιι,
498 2368 537 2398 M
555 2368 586 2398 R
601 2373 718 2404 etmr,
744 2368 872 2398 suntin
887 2367 995 2400 eadem

158 2412 278 2442 ratione
291 2409 424 2451 ideoque
438 2416 469 2440 et
483 2420 589 2440 earum
603 2409 727 2446 radices,
745 2410 887 2446 vicissim,
911 2410 992 2440 velo-

158 2454 235 2484 citas
249 2453 311 2494 quii
325 2453 506 2485 describitur
522 2453 552 2483 E
571 2452 598 2483 F
613 2458 659 2483 est
672 2452 713 2483 ad
726 2452 918 2483 velocitatem
933 2452 995 2492 qua

158 2496 342 2527 describitur
355 2507 373 2526 e
386 2496 410 2533 f,
426 2502 463 2526 ut
477 2495 622 2526 velocitas
636 2494 698 2535 qua
711 2495 893 2525 describitur
921 2495 946 2525 F
963 2495 995 2526 G

160 2538 201 2569 ad
214 2539 406 2570 velocitatem
420 2537 483 2578 qua
497 2538 677 2569 describitur
690 2537 740 2579 fg
752 2550 762 2575 ;
784 2544 816 2568 et
829 2538 873 2568 sic
887 2537 995 2568 ordine

159 2587 308 2621 perpetuo
328 2581 588 2612 demonstrabitur
603 2579 775 2611 velocitates
789 2581 902 2620 quibus
924 2590 994 2610 suc-

159 2623 282 2654 cessivae
303 2630 404 2663 partes
425 2623 696 2663 correspondentes
715 2623 878 2663 utriusque
892 2633 994 2653 curvae

158 2673 380 2705 percurruntur
390 2666 455 2696 fore
469 2676 589 2705 semper
598 2666 632 2696 in
644 2665 753 2696 eadem
763 2666 880 2696 ratione
889 2677 899 2703 3
915 2671 994 2696 tem-

159 2718 235 2747 pora
247 2707 320 2739 vero
333 2709 445 2749 quibus
458 2718 546 2739 arcus
560 2708 676 2738 similes
690 2708 906 2739 describuntur
919 2713 993 2738 sunt

159 2750 273 2780 directe
286 2757 323 2781 ut
336 2750 383 2781 illi
395 2761 484 2781 arcus
493 2757 524 2781 et
533 2750 654 2781 inverse
663 2757 698 2782 ut
707 2750 880 2781 velocitates
889 2762 900 2788 ;
917 2760 992 2791 ergo

159 2803 233 2823 cum
246 2793 324 2823 ratio
337 2803 467 2824 arcuum
487 2793 791 2832 con-respondentium
813 2793 853 2822 sit
874 2803 994 2832 semper

157 2835 278 2872 eadem,
293 2846 404 2874 nempe
418 2836 495 2866 ratio
511 2836 540 2866 L
558 2837 584 2867 C
599 2836 662 2866 adl
676 2846 701 2871 c,
725 2841 762 2866 ut
775 2841 806 2866 et
819 2835 896 2866 ratio
911 2835 992 2866 velo-

159 2878 289 2909 citatum
310 2878 422 2917 quibus
441 2885 661 2918 percurruntur
681 2878 728 2908 illi
749 2888 848 2915 arcus,
871 2877 993 2918 singula

160 2920 355 2959 tempuscula
368 2921 480 2960 quibus
493 2921 708 2952 describuntur
728 2919 887 2960 particulae
905 2930 994 2951 arcus

162 2964 197 2994 D
215 2965 241 2994 C
256 2962 397 2993 eamdem
410 2963 562 2994 rationem
574 2965 733 2994 habebunt
746 2963 786 2994 ad
800 2963 994 3002 tempuscula

159 3006 273 3047 quibus
283 3005 553 3044 correspondentes
565 3006 725 3046 particulae
745 3016 836 3036 arcus
849 3005 871 3036 d
885 3016 902 3036 c
923 3016 993 3045 per-

160 3054 346 3086 curruntur;
368 3046 502 3088 ideoque
524 3055 663 3088 tempora
683 3055 747 3079 tota
769 3047 994 3079 oscillationum

159 3102 215 3131 per
242 3092 275 3122 D
294 3092 320 3122 C
343 3097 376 3122 et
395 3090 417 3121 d
430 3101 448 3121 c
473 3097 564 3122 erunt
587 3091 701 3122 directe
725 3097 762 3121 ut
785 3090 995 3132 longitudines

162 3135 191 3165 L
209 3135 235 3165 C
251 3134 344 3170 etlc,
370 3139 402 3164 et
422 3132 540 3164 inverse
561 3140 597 3164 ut
621 3134 794 3165 velocitates
818 3134 851 3163 in
873 3133 996 3173 punctis

1044 1225 1202 1264 quibusvis
1216 1226 1526 1264 correspondentibus
1539 1236 1670 1257 arcuum
1687 1228 1720 1257 D
1736 1228 1762 1258 C
1778 1233 1809 1257 et
1823 1227 1843 1257 d
1855 1237 1883 1264 c,

1043 1266 1121 1305 puta
1135 1267 1169 1296 in
1183 1269 1307 1305 punctis
1323 1269 1438 1297 infimis
1456 1269 1482 1299 C
1497 1275 1528 1298 et
1542 1279 1569 1305 c,
1582 1269 1636 1299 sed
1646 1269 1719 1309 quia
1733 1279 1768 1299 ex
1785 1271 1883 1309 hypo-

1044 1308 1123 1338 thesi
1138 1309 1223 1349 quod
1237 1310 1373 1347 pondera
1387 1317 1460 1340 sunt
1474 1311 1604 1351 aequalia
1618 1318 1650 1341 et
1662 1311 1746 1351 quod
1760 1313 1883 1352 quanti-

1045 1356 1122 1381 tates
1136 1352 1273 1381 materiae
1287 1359 1362 1382 sunt
1376 1353 1519 1392 aequaleS,
1532 1353 1709 1384 velocitates
1723 1360 1798 1384 sunt
1810 1364 1882 1393 pro-

1043 1393 1231 1431 portionales
1245 1393 1398 1424 radicibus
1411 1394 1568 1434 quadratis
1589 1395 1801 1432 altitudinum,
1829 1407 1881 1427 ve-

1043 1435 1183 1465 locitates
1205 1436 1237 1465 in
1258 1436 1383 1474 punctis
1399 1437 1426 1466 C
1440 1443 1472 1467 et
1485 1447 1503 1467 c
1517 1443 1610 1468 erunt
1623 1444 1660 1468 ut
1681 1440 1723 1478 4!
1745 1439 1782 1468 M
1802 1439 1827 1468 C
1842 1439 1883 1469 ad

1044 1479 1087 1517 4!
1102 1487 1134 1507 m
1143 1488 1178 1508 c:
1197 1478 1251 1508 sed
1266 1489 1304 1508 ex
1320 1478 1523 1509 similitudine
1534 1490 1698 1510 curvarum
1709 1486 1740 1510 et
1751 1491 1881 1511 arcuum

1042 1525 1088 1549 est
1112 1529 1177 1550 mc
1202 1520 1243 1550 ad
1263 1521 1304 1551 M
1320 1521 1347 1551 C
1369 1521 1450 1551 sicut
1472 1520 1516 1551 lc
1537 1522 1576 1552 ad
1599 1522 1629 1552 L
1647 1522 1685 1559 C,
1708 1533 1784 1564 ergo
1797 1523 1881 1553 velo-

1044 1562 1150 1592 citates
1174 1562 1206 1592 in
1228 1563 1353 1602 punctis
1376 1563 1402 1593 C
1429 1570 1461 1594 et
1485 1574 1503 1594 c
1528 1570 1601 1595 sunt
1621 1570 1658 1594 ut
1681 1566 1722 1605 ν
1744 1566 1774 1596 L
1792 1566 1819 1596 C
1841 1566 1882 1596 ad

1045 1607 1088 1646 4!
1114 1605 1127 1634 1
1151 1615 1177 1642 c,
1215 1604 1347 1646 ideoque
1374 1612 1515 1645 tempora
1541 1607 1771 1638 oscillationum
1801 1609 1880 1639 inte-

1043 1682 1169 1714 grarum
1190 1673 1225 1703 in
1245 1676 1377 1706 arcubus
1400 1674 1434 1704 D
1452 1659 1502 1712 c,‘
1514 1674 1536 1705 d
1550 1685 1568 1706 c
1581 1681 1674 1707 erunt
1687 1681 1725 1706 ut
1769 1650 1800 1681 L
1818 1651 1845 1682 c

1740 1705 1784 1743 4!
1804 1704 1835 1734 L
1852 1705 1880 1734 C

1042 1773 1082 1804 ad
1106 1743 1223 1844 ἑὲ,
1249 1775 1334 1805 unde
1356 1774 1504 1815 quadrata
1529 1780 1704 1814 temporum
1726 1783 1819 1807 erunt
1843 1782 1879 1807 ut

1040 1846 1071 1877 L
1090 1848 1116 1879 C
1131 1850 1147 1866 ²
1215 1847 1227 1877 l
1241 1858 1258 1877 c
1273 1849 1288 1866 2

1304 1874 1366 1904 sive
1381 1879 1418 1903 ut
1434 1873 1463 1903 L
1478 1874 1504 1905 C
1518 1873 1558 1904 ad
1572 1874 1620 1911 lc,
1636 1875 1696 1905 hoc
1707 1880 1753 1905 est
1763 1880 1798 1905 ut
1808 1875 1876 1906 lon-

1060 1900 1091 1930 L
1105 1901 1131 1931 C
1160 1873 1238 1929 adl

1038 1942 1195 1983 gitudines
1213 1942 1431 1981 pendulorum.
1482 1943 1523 1978 Q.
1542 1953 1568 1973 e.
1587 1943 1618 1974 d.

1082 1985 1122 2028 (¹)
1140 1987 1158 2005 ¹*
1176 1988 1318 2017 Pondera
1333 1994 1425 2018 erunt
1448 1992 1485 2017 ut
1506 1988 1712 2024 longitudines
1727 1989 1878 2027 pendulo-

1036 2039 1120 2065 rum,
1135 2034 1164 2059 et
1178 2030 1389 2059 universaliter
1411 2031 1571 2070 quantitas
1585 2031 1721 2059 materiae
1731 2032 1876 2069 pendulae

1036 2076 1079 2100 est
1099 2077 1135 2102 ut
1154 2074 1279 2110 pondus
1299 2077 1328 2101 et
1349 2075 1536 2112 quadratum
1557 2073 1697 2110 temporis
1718 2072 1827 2103 dir-ecl&
1849 2078 1876 2104 el

1037 2114 1190 2153 longitudo
1202 2115 1331 2152 penduli
1353 2114 1480 2145 inverse.
1528 2116 1546 2133 ἢ*
1566 2114 1635 2144 Sint
1655 2113 1719 2144 duo
1740 2114 1878 2153 pendula

1040 2155 1073 2185 A
1088 2161 1119 2185 et
1136 2156 1174 2190 B,
1198 2166 1268 2196 quae
1289 2157 1427 2192 materia,
1451 2155 1587 2195 pondere
1602 2161 1633 2185 et
1646 2157 1877 2187 oscillationum

1037 2198 1228 2237 temporibus
1243 2197 1423 2236 discrepent,
1446 2197 1500 2228 sed
1521 2197 1647 2238 aequalis
1662 2199 1724 2229 sint
1737 2199 1875 2239 longitu-

1039 2239 1120 2269 dinis
1129 2252 1139 2277 ;
1171 2249 1208 2270 ex
1234 2240 1448 2276 Theoremate,
1478 2239 1535 2270 erit
1558 2240 1713 2280 quantitas
1737 2241 1875 2271 materiae

1036 2281 1182 2321 pendula>
1196 2281 1229 2311 in
1246 2283 1277 2312 A
1293 2282 1334 2313 ad
1348 2283 1551 2323 quantitatem
1571 2282 1708 2312 materiae
1729 2282 1875 2321 pendulae

1037 2325 1071 2354 in
1095 2324 1135 2360 B,
1158 2330 1195 2355 ut
1208 2324 1332 2363 pondus
1346 2332 1378 2356 et
1392 2325 1577 2366 quadratum
1592 2326 1741 2363 temporis
1754 2325 1874 2357 oscilla-

1036 2367 1159 2397 tionum
1173 2367 1302 2405 penduli
1319 2368 1350 2398 A
1365 2368 1553 2408 conjunctim
1569 2367 1608 2397 ad
1619 2367 1741 2407 pondus
1753 2374 1784 2398 et
1797 2378 1874 2408 qua.

1038 2409 1160 2439 dratum
1175 2410 1321 2449 temporis
1342 2410 1568 2441 oscillationum
1590 2409 1718 2449 penduli
1747 2410 1775 2441 B
1798 2420 1873 2440 con-

1033 2452 1186 2493 junctim3
1209 2452 1248 2483 sit
1262 2453 1387 2483 tertium
1402 2452 1574 2493 pendulum
1590 2453 1627 2488 C,
1643 2453 1733 2492 cujus
1746 2453 1874 2484 materia

1037 2500 1069 2525 et
1083 2495 1205 2534 pondus
1226 2495 1332 2525 eadem
1355 2496 1417 2526 sint
1440 2506 1513 2526 cum
1536 2494 1664 2525 materia
1685 2501 1716 2524 et
1737 2494 1873 2534 pondere

1037 2537 1166 2576 penduli
1190 2538 1229 2574 B,
1252 2537 1372 2569 diversa
1385 2537 1458 2569 vero
1471 2539 1511 2568 sit
1524 2537 1684 2577 utriusque
1698 2537 1871 2578 longitudo,

1036 2580 1202 2621 longitudo
1211 2580 1339 2619 penduli
1348 2582 1373 2612 C
1386 2581 1444 2611 erit
1454 2581 1494 2611 ad
1506 2580 1732 2619 longitudinem
1743 2580 1872 2618 penduli

1039 2623 1068 2654 B
1080 2623 1157 2663 (sive
1169 2622 1296 2662 penduli
1308 2624 1349 2660 A,
1358 2624 1485 2663 perinde
1497 2623 1580 2653 enim
1592 2628 1637 2652 est
1648 2632 1684 2651 ex
1695 2623 1869 2662 hypothesi)

1037 2671 1075 2696 ut
1087 2665 1272 2705 quadratum
1288 2667 1434 2705 temporis
1447 2666 1480 2695 in
1495 2664 1632 2704 pendulo
1647 2665 1671 2694 C
1687 2665 1725 2694 ad
1740 2665 1872 2706 quadra-

1038 2713 1109 2738 tum
1123 2708 1270 2747 temporis
1284 2708 1316 2738 in
1331 2708 1469 2748 pendulo
1484 2709 1523 2744 B,
1539 2706 1622 2746 quod
1637 2706 1802 2749 itaqueaeq
1801 2708 1872 2740 uale

1035 2751 1094 2781 erit
1108 2751 1256 2791 quadrato
1270 2751 1417 2790 temporis
1430 2751 1463 2780 in
1479 2749 1616 2789 pendulo
1634 2749 1670 2786 C,
1695 2760 1750 2789 per
1769 2750 1872 2792 longi-

1035 2793 1177 2824 tudinem
1189 2793 1317 2832 penduli
1326 2793 1531 2832 multiplicato
1539 2798 1570 2822 et
1581 2801 1635 2831 per
1643 2791 1872 2832 longitudinem

1033 2836 1162 2885 penduli
1179 2837 1205 2867 C
1217 2836 1334 2873 diviso;
1355 2836 1440 2866 unde
1454 2834 1609 2883 quantitas
1621 2836 1759 2865 materiae
1779 2836 1814 2866 in
1838 2838 1870 2867 A

1035 2878 1094 2909 erit
1114 2879 1154 2909 ad
1175 2878 1377 2918 quantitatem
1399 2877 1535 2907 materiae
1549 2877 1581 2907 in
1600 2877 1629 2907 B
1646 2878 1709 2907 sive
1723 2878 1756 2908 in
1773 2879 1810 2916 C,
1835 2885 1871 2910 ut

1035 2920 1158 2960 pondus
1172 2927 1203 2951 et
1216 2920 1401 2961 quadratum
1424 2919 1570 2959 temporis
1582 2919 1616 2949 in
1633 2921 1663 2950 A
1679 2920 1870 2961 conjunctim

1034 2964 1075 2994 ad
1089 2963 1212 3002 pondus
1225 2964 1258 2992 iu
1277 2963 1314 2995 Β,
1340 2962 1450 2992 sivein
1469 2962 1504 2999 C,
1527 2972 1600 2992 cum
1622 2963 1771 3002 quadrato
1791 2969 1870 2994 tem·

1034 3007 1118 3046 poris
1140 3006 1171 3035 in
1197 3006 1224 3036 C
1245 3011 1277 3035 et
1290 3004 1485 3045 longitudine
1499 3004 1627 3044 penduli
1651 3005 1681 3035 A
1705 3005 1818 3037 directe
1839 3012 1871 3036 et

1035 3047 1232 3089 longitudine
1267 3047 1396 3087 penduli
1428 3048 1454 3078 C
1482 3047 1619 3078 inverse:
1658 3047 1743 3078 unde
1774 3048 1872 3089 liquet

1037 3091 1240 3132 quantitatem
1260 3089 1397 3120 materiae
1417 3090 1451 3120 in
1475 3091 1506 3120 A
1529 3100 1594 3120 esse
1607 3089 1647 3121 ad
1668 3091 1870 3131 quantitatem

1037 3133 1173 3164 materiae
1187 3133 1220 3163 in
1238 3133 1275 3171 C,
1298 3139 1334 3163 ut
1347 3132 1470 3172 pondus
1484 3139 1515 3163 et
1527 3132 1711 3174 quadratum
1726 3132 1871 3172 temporis

980 3188 1050 3219 ΚΕΖ
