2066 3548
128 238 277 281 Lim-:lt
298 238 516 290 Saeuum]
561 237 881 282 PRINCIPIA
912 238 1418 282 MATHEMATICA.

1758 248 1841 286 215

127 351 203 392 nis.
227 332 350 406 bajus
388 349 599 392 circularis
636 350 689 392 ad
724 350 973 390 diametrum
1002 364 1121 391 venae
1156 358 1203 391 ut
1239 356 1293 393 25
1329 351 1386 392 ad
1416 346 1467 401 21
1511 352 1844 408 quamproxime.

128 422 254 477 Aqua
290 421 418 478 igitur
457 420 708 467 transeundo
736 433 813 474 per
844 419 1043 468 foramen,
1082 421 1296 476 convergit
1324 422 1520 477 undique,
1557 432 1599 464 et
1626 433 1844 480 postquam

128 491 287 532 effluxit
306 505 361 532 ex
382 505 492 541 vase,
513 490 675 532 tenuior
693 488 882 531 redditur
902 489 1206 545 convergendo,
1230 499 1272 531 et
1290 505 1367 544 per
1386 494 1711 535 attenuationem
1730 511 1844 536 acce-

128 566 283 608 leratur
317 565 451 606 donec
479 564 534 606 ad
563 563 800 605 distantiam
828 562 1007 604 semissis
1037 561 1157 618 digiti
1176 578 1202 602 a
1220 562 1422 604 foramine
1444 566 1688 617 pervenerit,
1719 576 1762 607 et
1789 568 1845 608 ad

125 635 362 678 distantiam
397 634 511 676 illam
539 633 704 676 tenuior
733 633 783 687 (⁰)
806 641 847 674 et
876 632 1049 674 celerior
1077 632 1127 672 fit
1154 631 1277 688 quam
1298 633 1454 688 inipso
1473 634 1676 677 foramine
1704 637 1749 676 in
1778 652 1843 678 ra-

126 710 238 752 tione
270 714 324 752 25
358 717 392 750 Χ
423 713 480 749 25
498 706 552 748 ad
573 711 623 748 21
661 715 695 748 Χ
725 710 776 746 21
802 720 876 747 seu
899 709 950 749 17
972 704 1026 745 ad
1058 708 1110 744 12
1141 704 1472 759 quamproxime,
1506 706 1549 746 id
1578 715 1642 747 est
1668 708 1714 747 in
1743 708 1843 749 sub-

126 779 333 836 duplicata
353 779 516 820 ratione
534 777 684 820 binarii
703 777 758 819 ad
776 777 979 819 unitatem
1007 776 1182 819 circiter.

127 909 231 940 iverim
240 909 439 950 perexiguam
451 909 586 949 aliquam
597 907 803 939 differentiam
813 907 959 938 interesse

126 951 205 982 inter
218 952 440 982 contractiones
453 961 542 991 aquae
555 950 709 982 effluentis
729 960 767 980 ex
788 950 959 982 minoribus

124 994 337 1031 foraminibus„
353 1000 385 1024 et
397 1004 485 1034 aquae
499 993 722 1024 contractiones
735 1002 774 1023 ex
788 992 958 1033 majoribus

125 1036 288 1066 effluentis.
338 1036 443 1066 Antea
463 1035 606 1074 descripti
618 1035 778 1066 foraminis
793 1035 827 1064 in
841 1033 958 1064 lamina

125 1078 226 1109 ferrea
246 1078 395 1109 diameter
417 1078 458 1109 ad
478 1078 664 1108 diametrum
683 1087 773 1118 aqum
793 1083 957 1107 conmctae

125 1121 191 1151 suit
208 1121 241 1150 in
259 1119 297 1151 ea
316 1122 434 1151 ratione
452 1130 547 1161 quam
572 1120 664 1150 habet
686 1129 834 1149 numerus
854 1123 896 1151 52
917 1118 959 1149 ad

126 1167 165 1194 41
178 1175 189 1201 ;
205 1162 278 1193 cum
296 1163 500 1194 Nevtoniana
513 1162 552 1192 sit
565 1162 644 1193 ratio
657 1162 780 1193 numeri
794 1165 837 1193 50
851 1161 891 1191 ad
902 1165 955 1191 42.

126 1206 170 1236 sic
194 1204 324 1236 omnino
349 1205 456 1236 eedem
480 1205 559 1245 lege,
586 1215 651 1235 non
674 1214 795 1244 semper
818 1205 958 1235 contrahi

126 1258 215 1288 aquae
243 1258 336 1278 venas
364 1247 533 1278 ostendunt
563 1247 655 1277 variae
682 1247 904 1277 contractiones
923 1247 960 1276 in

125 1301 215 1331 aquae
235 1300 255 1320 a
275 1290 364 1321 variis
384 1290 490 1320 frustis
508 1289 622 1320 conicis
642 1289 759 1320 effluxu
779 1291 959 1326 observatae,

125 1332 203 1374 quin
225 1332 318 1362 etiam
339 1333 402 1363 huc
423 1333 579 1363 debebunt
601 1332 708 1362 referri
727 1331 788 1362 illae
891 1331 959 1362 ani-

127 1374 277 1406 madverti
291 1374 472 1405 differentia
493 1375 575 1404 inter
595 1374 761 1404 diametros
774 1374 814 1404 ad
827 1384 960 1413 perpen-

126 1417 267 1448 diculum
283 1423 429 1456 sumptas,
445 1423 476 1447 et
490 1416 654 1447 diametros
667 1415 838 1447 secundum
847 1416 963 1447 lineam

126 1459 278 1490 horizonti
292 1459 470 1499 parallelam
481 1469 611 1490 mensas.
659 1460 706 1489 At
718 1464 834 1499 quanta
847 1459 887 1489 sit
900 1458 962 1489 dif-

128 1501 260 1533 ferentia
273 1502 354 1532 inter
366 1512 455 1542 aquae
469 1501 692 1532 connectiones
713 1511 777 1531 non
791 1501 892 1532 ausim
906 1501 962 1531 de-

127 1544 236 1581 finire3
262 1554 364 1584 neque
387 1543 460 1575 νει-ὂ
480 1543 535 1574 illa
559 1543 764 1574 Newtoniana
783 1543 862 1574 ratio
882 1543 964 1573 inter

128 1587 314 1618 diametrum
334 1585 494 1617 foraminis
508 1592 540 1617 et
553 1592 716 1617 conuactae
736 1595 824 1626 aquae
845 1585 962 1616 diame-

127 1635 212 1660 trum
227 1629 308 1658 sumi
323 1628 413 1659 debet
427 1639 484 1659 ceu
498 1629 635 1667 praecisa,
650 1627 724 1658 cum
738 1628 803 1668 ipse
818 1629 863 1658 vir
876 1639 962 1659 sum-

127 1681 201 1703 mus
220 1670 254 1703 in
275 1672 370 1702 citato
383 1680 474 1710 opere
486 1671 555 1702 haec
574 1672 703 1708 habeat3
726 1671 875 1702 existente
896 1671 964 1711 ejus

126 1713 258 1786 }nempe
272 1723 361 1754 aquae
375 1714 552 1754 contractae)
565 1713 716 1744 diametro
726 1713 766 1744 ad
776 1714 964 1744 diametrum

141 1755 964 1798 oraminisut5ad6,ve15et42d6et{‚quam-

129 1798 278 1838 proxime,
315 1798 342 1829 si
369 1797 464 1829 moda
491 1798 657 1829 diametros
688 1797 771 1829 recte
805 1798 964 1828 dimensus

128 1841 235 1872 sum.”
283 1840 483 1871 Bernoullius
507 1839 579 1871 vero
606 1842 684 1872 Sect.
711 1840 773 1871 IV.
800 1850 902 1881 parag.
931 1844 960 1872 7.

128 1884 196 1914 haec
220 1884 313 1914 habet
321 1895 332 1921 3
359 1887 381 1903 “
394 1882 519 1913 iuterim
540 1884 706 1922 assumptis
725 1882 841 1913 lamini
864 1883 962 1920 tenui,

128 1935 199 1956 vase
220 1925 421 1964 amplissimo,
447 1925 598 1957 foramine
619 1926 659 1956 ad
673 1929 695 1956 4
709 1925 757 1955 vel
772 1929 792 1956 6
810 1925 908 1955 lineas
928 1926 962 1955 in

129 1967 280 1998 diametro
294 1974 482 2008 assurgente,
500 1967 579 1999 solet
591 1970 670 1999 ratio
683 1969 763 1998 inter
776 1968 916 1998 foramen
930 1974 963 1998 et

130 2009 298 2040 sectionem
313 2019 399 2039 venae
413 2016 577 2041 contractae
591 2020 657 2040 non
670 2010 808 2040 multum
821 2010 963 2040 recedere

129 2053 169 2082 ab
183 2050 237 2081 illa
250 2062 345 2091 quam
362 2052 534 2081 Newtonus
547 2052 687 2082 statuit-‘’
715 2052 837 2082 Verum
847 2052 962 2082 utrius-

128 2104 192 2135 que
205 2094 342 2124 authoris
355 2093 564 2133 experimenta
577 2094 797 2130 demonstrant,
812 2094 964 2124 rationem

128 2136 216 2166 illam
242 2136 382 2166 diametri
406 2146 493 2165 venae
521 2143 685 2167 conractae
709 2137 748 2166 ad
777 2136 964 2166 diametrum

129 2178 288 2209 foraminis
302 2178 438 2208 multum
454 2178 571 2214 variari,
587 2179 611 2208 si
627 2188 682 2217 per
696 2177 846 2218 oblongos
856 2179 963 2208 variae-

130 2231 193 2261 que
210 2220 319 2262 figurae
340 2220 470 2256 canales,
496 2230 560 2251 non
582 2219 655 2251 vero
676 2231 715 2250 ex
735 2220 867 2259 simplici
880 2220 962 2251 serap

129 2263 215 2298 mjne
244 2263 277 2292 in
306 2262 487 2307 tenuissimi
516 2262 634 2294 lamina
662 2263 816 2302 insculpto
845 2273 863 2293 e
892 2273 965 2294 vase

129 2304 236 2336 effluat
249 2316 337 2346 aqua.

174 2360 221 2400 (⁰)
235 2362 252 2380 ⁶
270 2362 315 2391 Et
340 2362 462 2391 celerior
475 2363 521 2405 fit
542 2360 638 2402 quim
659 2363 694 2393 in
715 2363 776 2403 ipso
789 2363 962 2404 flammine.

133 2402 219 2432 Nam
242 2402 417 2433 velocitates
442 2411 515 2434 sunt
539 2403 693 2443 reciproce
716 2411 751 2434 ut
773 2405 881 2435 circuli
910 2415 965 2444 per

129 2454 208 2485 quos
221 2455 301 2486 aqua
315 2444 426 2475 eodem
440 2451 579 2486 ternpore
599 2447 708 2477 transit
730 2448 836 2487 (171),
858 2447 977 2478 circuli*

130 2485 204 2518 vero
218 2494 293 2517 sunt
305 2487 340 2517 in
354 2488 472 2518 ratione
493 2488 650 2528 duplicata
671 2489 913 2528 diametrorum;
935 2497 967 2520 et

131 2528 204 2559 ider>
227 2529 372 2560 velocitas
396 2540 486 2570 aquae
511 2541 566 2569 per
590 2532 757 2562 sectionem
786 2532 966 2562 circularem

131 2580 219 2601 venae
241 2578 406 2602 contractae
428 2573 614 2604 transeuntis
635 2580 681 2604 est
703 2574 743 2604 ad
772 2574 966 2605 velocitatem

133 2623 222 2653 aquas
242 2624 297 2652 per
317 2614 457 2645 foramen
479 2615 636 2646 effluentis
649 2622 686 2647 ut
701 2619 741 2647 25
761 2621 794 2654 ><
814 2621 853 2647 25
868 2616 909 2647 ad
925 2621 961 2647 21

136 2660 171 2692 Χ
190 2659 228 2686 21
244 2656 304 2686 hoc
317 2663 372 2692 est,
389 2660 452 2688 625
466 2658 505 2688 ad
521 2662 604 2696 441;
630 2658 715 2699 quod
730 2665 898 2700 utrumque
918 2659 966 2689 di-

133 2697 235 2728 visum
249 2707 304 2737 per
318 2701 358 2730 37
373 2699 426 2730 dat
440 2700 590 2731 rationem
607 2704 645 2732 17
660 2701 700 2731 ad
718 2705 766 2738 12,
782 2702 831 2731 vel
845 2708 966 2732 utrum-

134 2750 196 2781 que
210 2739 342 2770 divisum
356 2751 412 2780 per
425 2746 498 2780 441,
522 2742 577 2774 dat
590 2744 741 2774 rationem
759 2747 842 2781 1.41,
858 2745 914 2774 διο.
929 2744 970 2775 ad

138 2786 165 2818 1,
193 2787 240 2812 est
260 2782 331 2813 vero
350 2783 436 2814 radix
458 2785 570 2816 binarii
591 2787 712 2816 numeri
734 2789 813 2823 1.41,
836 2787 901 2822 δια,
923 2793 971 2818 est

136 2834 211 2865 ergo
234 2824 378 2855 velocitas
402 2837 490 2867 aquae
511 2838 566 2867 per
586 2838 698 2858 venam
720 2834 910 2859 contractam
930 2829 971 2860 ad

135 2866 329 2897 velocitatem
343 2877 399 2907 per
411 2868 552 2900 foramen
566 2870 600 2901 in
611 2871 729 2902 ratione
740 2871 851 2902 radicis
860 2872 971 2903 binarii

136 2909 260 2939 numeri
273 2908 314 2939 ad
328 2910 487 2943 unitatem.

191 2956 236 2997 (Ρ)
269 2958 333 2987 Per
367 2961 572 2997 aperi-nemu
604 2961 674 2992 verb
711 2967 838 2993 constat.
887 2961 973 2994 Data

137 2999 308 3040 quantitate
330 3009 418 3039 aquae
433 3011 487 3040 per
501 3001 611 3033 datum
625 3004 767 3034 foramen
782 3014 837 3034 seu
851 3014 906 3044 per
919 3005 974 3036 da.-

136 3047 201 3072 tam
229 3051 316 3071 venae
344 3048 508 3074 contracta·
537 3046 706 3076 sectionem
736 3047 808 3077 dato
837 3052 975 3087 tempore

138 3082 300 3120 effluentis,
326 3084 370 3114 sic
391 3084 476 3116 illius
495 3086 639 3118 velocitas
659 3089 835 3129 inquiritur.
886 3091 974 3126 Quo-

1243 776 1295 831 (Ρ)
1319 776 1402 818 Per
1421 778 1707 832 experimenta
1735 780 1836 822 vero

1000 906 1086 937 niam
1101 905 1173 937 data
1186 916 1275 947 aquae
1295 907 1451 948 quantitas
1471 913 1612 947 aequatur
1625 908 1766 947 cylindro
1792 907 1840 939 vel

999 949 1139 988 prismati
1153 948 1244 989 cujus
1257 950 1339 979 basis
1351 956 1398 980 est
1411 949 1552 980 foramen
1561 949 1670 980 datum
1684 957 1739 981 aut
1754 961 1840 981 venae

999 996 1164 1022 contractae
1185 991 1289 1026 sectio,
1312 998 1343 1022 et
1356 992 1490 1023 altitudo
1510 993 1646 1031 spatium
1659 993 1744 1033 quod
1757 1004 1837 1033 aqua

999 1038 1139 1072 tempore
1164 1033 1237 1064 dato
1251 1044 1324 1064 cum
1339 1033 1394 1064 illa
1415 1034 1576 1064 velocitate
1600 1045 1694 1075 quam
1710 1035 1743 1065 in
1758 1035 1839 1066 fora-

1000 1076 1087 1106 mine
1100 1082 1156 1106 aut
1169 1086 1256 1107 vcnae
1277 1076 1411 1107 sectione
1430 1078 1533 1114 habet,
1557 1078 1753 1108 uniformiter
1768 1089 1838 1117 pro-

1001 1117 1174 1158 grediendo
1189 1118 1380 1154 describeret,
1406 1119 1553 1149 dividitur
1573 1122 1728 1160 quantitas
1749 1131 1838 1161 aquae

1000 1160 1072 1191 data
1093 1170 1148 1199 per
1171 1160 1331 1191 foraminis
1358 1168 1414 1192 aut
1437 1161 1582 1192 sectionis
1609 1173 1694 1192 venae
1723 1173 1838 1200 aream,

1001 1209 1032 1233 et
1045 1203 1188 1243 quotiens
1202 1204 1260 1233 erit
1273 1204 1406 1242 spatium
1421 1204 1505 1244 quod
1520 1214 1600 1244 aqua
1614 1204 1687 1234 dato
1701 1211 1839 1245 tempore

1001 1244 1198 1275 uniformiter
1216 1246 1442 1286 progrediendo
1462 1246 1655 1283 describeret,
1679 1247 1772 1287 atque
1794 1247 1839 1278 its

1003 1294 1078 1317 nota
1092 1287 1128 1318 fit
1141 1297 1230 1327 aquae
1252 1289 1395 1318 velocitas
1416 1288 1507 1337 cujus
1516 1289 1692 1321 ‚dimidium
1708 1296 1754 1320 est
1766 1290 1851 1326 alti„

1002 1329 1079 1360 tudo
1100 1339 1138 1359 ex
1152 1329 1214 1370 qua
1235 1330 1346 1360 cadere
1366 1331 1475 1361 debuit
1497 1336 1533 1361 ut
1555 1341 1623 1361 eam
1645 1332 1840 1362 velocitatem

1003 1371 1180 1412 acquireret.
1204 1372 1251 1410 Sit
1260 1373 1328 1413 jam
1342 1383 1362 1403 a
1374 1373 1507 1404 altitudo
1521 1384 1616 1413 quam
1626 1384 1738 1414 corpus
1745 1385 1842 1415 grave

1004 1420 1141 1454 tempore
1163 1414 1278 1445 minuti
1301 1415 1398 1445 unius
1422 1415 1551 1446 secundi
1576 1416 1642 1446 sine
1667 1417 1840 1448 resistentia

1004 1456 1144 1487 cadendo
1155 1455 1308 1494 describit,
1323 1467 1343 1486 v
1357 1457 1501 1488 velocitas
1515 1458 1577 1488 boc
1590 1468 1663 1488 casu
1680 1460 1838 1499 acquisita,

1005 1505 1037 1529 et
1054 1497 1126 1529 ideo
1147 1502 1167 1529 2
1188 1509 1209 1529 a
1228 1500 1362 1538 spatium
1376 1499 1462 1540 quod
1475 1500 1635 1531 velocitate
1650 1502 1798 1532 uniformi
1820 1513 1839 1532 v

1004 1547 1145 1581 tempore
1169 1541 1283 1571 minuti
1308 1541 1403 1572 unius
1426 1542 1554 1572 secundi
1581 1542 1712 1574 describi
1740 1550 1842 1583 potest

1007 1585 1074 1626 (30.
1093 1584 1164 1614 Lib.
1186 1583 1228 1624 1.)
1252 1584 1327 1615 sitb
1340 1584 1472 1615 altitudo
1495 1595 1587 1626 aquae
1611 1586 1644 1615 in
1663 1596 1733 1617 vase
1757 1593 1841 1628 stag-

1006 1626 1114 1661 nantis,
1140 1636 1157 1656 c
1171 1626 1311 1657 celeritas
1325 1637 1419 1668 quam
1434 1637 1527 1668 grave
1540 1638 1596 1666 per
1609 1628 1805 1659 altitudinem
1820 1631 1841 1660 b

1006 1669 1074 1699 sine
1098 1668 1268 1699 resistentia
1293 1669 1432 1700 cadendo
1452 1669 1592 1710 acquirit,
1619 1677 1650 1701 et
1670 1682 1685 1701 s
1705 1672 1841 1710 spatium

1007 1711 1092 1752 quod
1106 1721 1179 1741 cum
1201 1711 1356 1742 celeritate
1370 1722 1388 1742 c
1401 1712 1596 1742 uniformiter
1616 1714 1842 1754 progrediendo

1008 1761 1145 1793 tempore
1166 1754 1278 1784 minuti
1306 1755 1398 1784 unius
1417 1754 1545 1785 secundi
1570 1755 1762 1793 describeret,
1785 1757 1844 1788 erit

1007 1807 1051 1826 a:
1069 1798 1239 1827 b=vv:
1259 1799 1392 1839 cc(28.
1410 1797 1843 1838 Uh13)et2a:s=v:c

1009 1841 1054 1880 (5.
1074 1838 1146 1868 Lib.
1164 1839 1212 1878 Ι.)
1234 1838 1367 1880 ideoque
1386 1849 1428 1870 a:
1446 1841 1528 1870 b=
1543 1844 1564 1870 4
1578 1851 1596 1870 a
1611 1851 1630 1870 a
1645 1854 1653 1871 ι
1671 1852 1687 1870 s
1701 1852 1735 1878 s;
1758 1841 1843 1873 unde

1007 1882 1139 1912 habetur
1152 1891 1167 1911 s
1181 1891 1251 1911 s=
1267 1885 1356 1917 4ab,
1372 1887 1404 1912 et
1418 1892 1488 1912 s==
1503 1885 1547 1923 ν
1560 1886 1652 1916 4ab.
1701 1884 1731 1914 Si
1747 1883 1844 1923 igitur

1010 1934 1092 1965 aqua
1105 1934 1123 1954 e
1137 1934 1206 1954 vase
1217 1934 1271 1963 per
1285 1935 1371 1955 venae
1379 1931 1543 1955 contractae
1556 1926 1723 1956 sectionem
1738 1925 1845 1958 effluat

1006 1976 1080 1996 cum
1101 1966 1261 1997 velocitate
1282 1977 1300 1998 c
1320 1977 1415 2008 quam
1440 1977 1532 2007 grave
1557 1967 1696 1999 cadendo
1717 1975 1749 1999 et
1769 1979 1844 2000 casu

1006 2019 1063 2039 suo
1077 2008 1276 2039 describendo
1290 2010 1484 2040 altitudinem
1496 2011 1517 2040 b
1530 2021 1618 2050 aquoe
1633 2011 1667 2040 in
1678 2022 1747 2042 vase
1758 2019 1843 2053 stag-

1007 2051 1110 2081 nantis
1117 2051 1252 2091 acquirit,
1264 2053 1398 2091 spatium
1407 2063 1422 2082 s
1432 2052 1515 2092 quod
1525 2063 1562 2082 ex
1572 2053 1743 2092 quantitate
1754 2065 1843 2094 aquae

1010 2098 1149 2132 tempore
1170 2094 1284 2124 minuti
1305 2095 1400 2124 unius
1419 2095 1547 2125 secundi
1563 2106 1580 2124 e
1595 2105 1664 2125 vase
1679 2095 1842 2133 effluentis,

1007 2141 1044 2165 ut
1058 2134 1152 2171 supra
1173 2135 1293 2166 dictum
1307 2143 1363 2173 est,
1378 2137 1517 2172 habetur,
1542 2137 1633 2167 debet
1647 2148 1712 2168 esse
1726 2140 1845 2180 aequale

1015 2182 1060 2220 ν
1077 2187 1098 2212 4
1113 2193 1131 2212 fl
1145 2185 1174 2213 b,
1223 2178 1310 2208 Hinc
1325 2179 1349 2208 si
1364 2179 1497 2209 altitudo
1511 2189 1539 2216 a,
1556 2180 1595 2209 sit
1609 2179 1724 2218 pedum
1742 2182 1840 2212 Paris.

1009 2223 1061 2256 14,
1084 2223 1142 2250 erit
1156 2230 1171 2250 s
1185 2230 1200 2249 s
1213 2233 1259 2249 =
1275 2224 1316 2252 56
1331 2222 1361 2257 b,
1388 2231 1458 2261 quae
1479 2228 1525 2251 est
1546 2221 1613 2260 ipsa
1626 2223 1735 2262 regula
1748 2234 1845 2264 quam

1009 2262 1053 2293 D.
1076 2262 1160 2293 Pitot
1184 2262 1218 2291 in
1243 2263 1390 2293 Monum.
1411 2263 1509 2293 Acad.
1541 2264 1639 2294 Paris.
1662 2275 1712 2294 an.
1745 2270 1838 2297 1780.

1007 2304 1141 2335 tradidit.
1192 2305 1238 2335 At
1258 2305 1284 2336 si
1305 2305 1437 2336 altitudo
1455 2316 1475 2336 a
1488 2313 1621 2345 ponatur
1642 2317 1708 2337 esse
1728 2308 1844 2347 pedum

1011 2372 1110 2404 Paris.
1128 2365 1220 2417 ¹⁵T¹s
1235 2384 1291 2405 seu
1315 2352 1373 2430 ¹3⁸2AE
1397 2375 1486 2415 (471.
1507 2374 1579 2405 Lib.
1599 2374 1646 2415 1.)
1669 2375 1726 2406 erit
1740 2387 1848 2408 ss=

1013 2446 1073 2526 i}
1088 2470 1118 2500 b.
1167 2468 1288 2499 Verum
1302 2475 1339 2500 ut
1352 2479 1440 2511 aquae
1455 2470 1488 2500 in
1503 2481 1572 2501 vase
1586 2472 1757 2512 stagnantis
1770 2472 1843 2503 alti-

1010 2538 1087 2569 tudo
1102 2544 1133 2568 et
1146 2538 1291 2569 velocitas
1305 2549 1360 2577 per
1374 2539 1513 2570 foramen
1529 2539 1682 2571 effluentis
1696 2551 1759 2581 quo
1768 2547 1846 2572 tem.

1010 2591 1085 2620 pore
1110 2581 1358 2620 experimentum
1379 2583 1508 2621 eapitur,
1535 2582 1642 2612 eadem
1658 2583 1698 2613 ad
1719 2594 1846 2615 sensum

1009 2631 1165 2659 maneant,
1192 2629 1230 2654 ut
1254 2631 1384 2663 oportet,
1410 2625 1552 2664 usurpari
1577 2632 1679 2663 potest
1698 2636 1751 2657 vas
1774 2627 1848 2658 satis

1010 2666 1150 2704 amplum
1174 2666 1291 2706 exiguo
1311 2673 1471 2706 pertusum
1494 2667 1655 2704 foramine,
1682 2668 1732 2698 vel
1748 2669 1775 2699 si
1796 2679 1848 2700 vas

1013 2707 1107 2747 pauli>
1122 2719 1206 2749 angu
1211 2709 1287 2739 stius
1295 2709 1486 2746 adhibentur,
1498 2716 1621 2740 tantum
1629 2721 1717 2750 aquae
1724 2711 1849 2742 ›affundi

1013 2750 1145 2790 superne
1153 2752 1244 2782 debet
1253 2758 1404 2791 quantum
1416 2763 1470 2790 per
1481 2752 1610 2782 inferius
1619 2752 1728 2784 lumen
1739 2753 1848 2791 effluit,

1014 2799 1045 2824 et
1058 2794 1231 2824 cavendum
1246 2802 1292 2824 est
1313 2804 1352 2824 ne
1367 2794 1467 2824 affusa
1483 2805 1564 2835 aqua
1578 2805 1652 2824 cum
1665 2796 1769 2836 aliquo
1790 2796 1849 2827 im-

1014 2842 1087 2875 petu
1114 2835 1243 2867 cadendi
1268 2836 1420 2866 extimam
1439 2847 1526 2876 aqum
1540 2837 1658 2867 invase
1679 2839 1850 2879 stagnantis

1015 2878 1208 2918 superficiem
1224 2879 1366 2918 attingat.
1416 2879 1540 2914 Quibus
1561 2885 1665 2911 autem
1680 2882 1797 2912 artibus
1816 2881 1851 2912 id

1017 2921 1114 2961 possit
1141 2921 1222 2952 effici
1244 2920 1315 2951 fuse
1341 2929 1501 2960 exponunt
1525 2922 1601 2954 locis
1630 2922 1724 2962 supra
1750 2924 1851 2955 citatis

1018 2964 1162 2994 Marchio
1190 2964 1327 2994 Polenus
1352 2970 1383 2993 et
1410 2964 1526 2995 Daniel
1554 2965 1754 2997 Bemoullius
1773 2976 1852 3007 quos

1018 3006 1114 3036 lector
1133 3006 1292 3036 consulere
1311 3012 1419 3044 potest.
1464 3007 1615 3038 Attamen
1641 3009 1689 3039 his
1707 3009 1852 3040 adhibitis

1018 3048 1155 3086 cautelis,
1171 3048 1314 3079 velocitas
1327 3058 1417 3088 aqua!
1432 3059 1487 3088 per
1500 3060 1586 3080 venae
1600 3057 1763 3082 contractae
1785 3061 1851 3082 sec-

1018 3091 1137 3122 tionem
1158 3090 1312 3122 effluentis
1333 3090 1428 3131 paulo
1448 3092 1551 3123 minor
1570 3104 1626 3135 per
1646 3094 1854 3134 experimenta

963 3147 1030 3178 04
