2066 3548
252 246 337 283 236
678 234 1129 282 PHILOSOPHIAE
1159 233 1521 278 NATURALIS
1593 233 1737 287 [Mor.
1762 233 1963 276 Conon.

250 354 294 395 in
325 353 486 396 ratione
515 368 610 410 quae
638 352 902 408 componitur
930 365 995 393 ex,
1012 349 1220 406 duplicata
1241 350 1400 391 ratione
1420 348 1659 400 velocitatis,
1692 356 1734 390 et
1753 346 1962 404 duplicata

251 424 411 466 ratione
431 423 633 474 diametri,
655 431 697 464 et
716 422 876 463 ratione
896 420 1110 463 densitatis
1131 417 1376 462 mediorum.

312 496 443 537 Corol.
465 500 504 535 2.
537 493 744 535 Velocitas
765 492 946 534 maxima
957 492 1134 548 quacum
1149 491 1309 548 globuS,
1331 490 1372 532 vi
1391 489 1587 546 ponderis
1603 489 1667 532 sui
1679 488 1962 545 comparativi,

250 567 295 608 in
313 567 443 608 fluido
464 566 679 607 resistente
698 572 837 621 potest
856 564 1121 613 descendere,
1143 578 1193 604 ea
1213 570 1275 604 est
1294 576 1418 618 quam
1434 561 1647 617 acquirere
1658 568 1793 616 potest
1811 560 1962 618 globus

250 640 374 689 idem,
411 639 556 681 eodem
584 638 784 694 pondere,
814 639 904 681 sine
930 635 1160 679 resistentia
1188 635 1375 678 cadendo
1395 643 1437 678 et
1457 651 1555 677 casu
1587 650 1662 677 suo
1687 634 1963 677 describendo

251 717 430 766 spatium
451 711 565 767 quod
585 711 637 753 sit
658 710 711 752 ad
731 719 909 767 quatuor
927 709 1067 751 tertias
1096 716 1235 763 partes
1263 708 1453 750 diametri
1473 723 1558 750 suae
1579 716 1626 750 ut
1645 708 1828 750 densitas
1847 706 1964 764 globi

250 781 306 823 ad
340 781 584 823 densitatem
616 781 747 823 fluidi.
808 782 919 823 Nam
950 780 1099 838 globus
1131 787 1318 834 tempore
1349 793 1466 820 casus
1499 779 1575 830 sui,
1617 794 1713 821 cum
1746 779 1964 826 velocitate

250 852 438 894 cadendo
459 852 669 908 acquisita,
693 854 745 908 (¹¹)
767 853 972 895 describet
993 853 1172 908 spatium
1191 852 1305 908 quod
1324 852 1403 893 erit
1420 852 1477 893 ‘ad
1495 860 1592 894 octo
1611 853 1751 894 tertias
1770 852 1963 895 diametri

250 938 349 974 suae,
372 931 419 965 ut
438 923 619 965 densitas
640 924 755 980 globi
775 924 829 965 ad
849 924 1095 966 densitatem
1114 922 1231 965 fluidi
1242 939 1254 972 ;
1290 931 1331 964 et
1360 923 1420 964 vis
1449 922 1645 978 ponderis
1667 931 1828 965 motum
1846 923 1963 966 hunc

249 1009 466 1052 generans,
500 995 579 1036 erit
598 995 652 1036 ad
673 995 757 1036 vim
777 1009 871 1052 quae
891 1003 1050 1037 motum
1071 995 1250 1037 eundem
1269 1009 1468 1052 generare
1487 996 1631 1050 possit,
1663 1010 1747 1052 quo
1775 1004 1964 1051 tempore

249 1067 398 1124 globus
419 1076 513 1109 octo
533 1068 673 1109 tertias
695 1068 885 1110 diametri
899 1082 986 1110 suae
1006 1067 1152 1110 eadem
1179 1067 1395 1109 velocitate
1423 1067 1634 1118 describit,
1671 1068 1726 1123 (¹)
1747 1076 1795 1110 ut
1823 1067 1963 1110 densi-

250 1146 312 1181 tas
343 1140 459 1181 fluidi
493 1140 547 1181 ad
582 1140 826 1183 densitatem
859 1141 997 1198 globi:
1038 1141 1216 1197 ideoque
1250 1155 1326 1196 per
1363 1140 1472 1183 hanc
1513 1142 1860 1197 Propositionem,
1899 1141 1963 1183 vis

248 1212 447 1267 ponderis
467 1213 638 1270 aequalis
658 1215 737 1256 erit
754 1215 796 1256 vi
815 1213 1070 1265 resistentiae,
1101 1221 1144 1256 et
1170 1221 1391 1269 propterea
1421 1214 1591 1272 globum
1618 1214 1847 1256 accelerare
1875 1227 1963 1255 non

249 1293 398 1340 potest.

309 1360 361 1414 (s)
386 1360 518 1401 Coroz.
543 1366 581 1402 3.
615 1359 729 1402 Data
749 1366 792 1402 et
811 1359 1014 1402 densitate
1033 1359 1148 1416 globi
1168 1368 1210 1402 et
1228 1359 1443 1403 velocitate
1463 1361 1551 1417 ejus
1572 1360 1651 1403 sub
1670 1360 1790 1402 initio
1808 1366 1960 1410 motus,

259 1519 262 1529 .
295 1498 340 1541 (¹²)
359 1501 377 1519 ³*
394 1500 554 1530 Describet
569 1501 703 1539 spatium
717 1502 800 1540 quod
815 1501 873 1531 erit
887 1501 928 1531 ad
947 1505 1011 1531 octo
1026 1505 1088 1531 ter-

251 1542 311 1572 tias
328 1547 432 1582 partes
453 1543 597 1573 diametri
617 1553 693 1579 suoe,
715 1543 771 1573 &c.
820 1542 983 1573 Describet
1004 1543 1088 1572 enim

251 1584 387 1623 spatium
401 1584 535 1623 duplum
549 1584 634 1615 illius
647 1585 732 1625 quod
740 1585 772 1615 vi
785 1585 929 1623 ponderis
943 1584 991 1614 sui
1003 1594 1088 1614 com-

1130 1499 1254 1530 citatem
1274 1499 1365 1531 initio
1386 1505 1489 1531 motus
1509 1499 1663 1540 simulque
1684 1499 1890 1530 resistentiam
1902 1498 1962 1538 ipsi

1131 1548 1366 1581 competentem,
1383 1543 1622 1583 designetur-que
1631 1552 1687 1582 per
1704 1543 1734 1573 A
1747 1542 1776 1573 B
1791 1541 1870 1572 illud
1884 1547 1963 1571 tem-

1130 1595 1189 1623 pus
1203 1595 1265 1625 quo
1279 1595 1316 1615 ea
1330 1586 1472 1616 velocitas
1487 1595 1541 1624 per
1556 1585 1759 1616 resistentiam
1773 1583 1963 1614 uniformem

250 1627 379 1665 parativi
400 1626 467 1657 sine
487 1627 660 1658 resistentia
681 1627 822 1658 cadendo
836 1627 994 1666 descripsit
1016 1628 1083 1668 (30.

253 1668 325 1720 Igib.
347 1669 398 1700 11.
405 1669 428 1709 ),
444 1669 478 1700 id
492 1675 548 1707 est,
570 1671 705 1710 spatium
721 1672 801 1711 quod
815 1671 873 1701 erit
886 1672 929 1700 ad
943 1675 1005 1701 octo
1028 1675 1088 1701 ter·

252 1717 363 1797 tva-{¹131
363 1713 602 1787 ζιεῧίἃάῒηείιω
615 1757 716 1798 fluuii
738 1756 778 1786 ad
799 1757 977 1786 densitatem
995 1755 1084 1802 globi.

255 1796 303 1828 Sit
319 1798 352 1828 D
368 1796 516 1828 diameter
532 1797 627 1838 globi,
650 1801 670 1828 2
689 1798 716 1828 F
737 1797 871 1836 spatium
891 1796 976 1838 quod
990 1803 1029 1827 slt
1049 1796 1089 1826 ad

265 1843 285 1870 8

254 1883 295 1922 -3-
313 1866 347 1896 D
361 1871 399 1896 ut
413 1864 547 1896 densitas
568 1865 653 1906 globi
668 1865 708 1896 ad
723 1865 905 1896 densitatem
926 1864 1014 1895 fluidi
1023 1876 1034 1902 ;
1057 1869 1089 1895 et

209 1969 213 1973 Ι
254 1939 378 1973 tempus
392 1943 456 1974 quo
466 1931 579 1974 globus
592 1932 789 1964 uniformiter
803 1931 946 1963 describit
954 1932 1088 1971 spatium

255 1979 295 2060 {-
314 2002 355 2039 D,
373 2001 430 2032 erit
443 2000 483 2032 ad
497 2006 620 2040 tempus
635 2010 697 2041 quo
709 2000 818 2032 eidem
832 2000 980 2030 uniformi
1002 1999 1087 2030 velo-

255 2096 346 2128 citate
360 2094 503 2126 describit
513 2085 647 2135 spatium
663 2099 682 2126 2
700 2095 737 2134 F,
753 2101 790 2126 ut
803 2073 844 2152 -Ξ-
862 2095 896 2126 D
909 2094 950 2126 ad
966 2098 985 2125 2
997 2094 1024 2125 F
1041 2095 1085 2136 (5.

257 2164 329 2196 Lib.
345 2164 404 2205 1.)‚
420 2164 451 2195 id
467 2170 522 2201 est,
545 2169 582 2195 ut
596 2163 729 2195 densitas
750 2163 838 2195 fluidi
853 2163 893 2195 ad
907 2163 1089 2195 densitatem

255 2207 351 2248 globi.
401 2206 484 2239 cum
507 2207 604 2248 igitur
622 2207 704 2237 ¹vires
729 2207 900 2238 uniformes
922 2206 983 2237 sint
1012 2206 1089 2237 reci-

255 2249 347 2290 proce
362 2255 398 2281 ut
411 2256 550 2290 tempora
560 2250 672 2290 quibus
682 2256 786 2281 motus
797 2249 930 2291 aequales
943 2254 1092 2291 generant

258 2293 363 2335 (279),
380 2299 462 2331 patet
476 2292 677 2332 propositum.

300 2335 348 2377 (Υ)
366 2339 437 2366 282.
471 2336 541 2366 Cor.
561 2340 590 2366 8.
627 2334 716 2367 Daui
741 2342 770 2367 et
794 2336 940 2367 densitate
961 2336 1042 2375 globi
1061 2340 1091 2365 et

256 2380 409 2410 velocitate
424 2378 489 2418 ejus
504 2379 558 2409 sub
573 2380 658 2410 initio
673 2384 773 2410 motus
792 2385 818 2409 et
835 2380 981 2410 densitate
991 2379 1091 2418 fluidi

257 2423 351 2452 datur
372 2423 413 2451 ad
434 2432 524 2452 omne
545 2427 661 2461 tempus
675 2427 705 2452 et
718 2422 855 2452 velocitas
874 2422 959 2460 globi,
983 2427 1012 2452 et
1026 2420 1091 2460 ejus

257 2464 424 2495 resistentia
447 2469 475 2494 et
496 2465 628 2502 spatium
642 2465 679 2494 ab
694 2475 726 2494 eo
741 2465 935 2504 descriptum.
984 2465 1001 2483 '⁶
1021 2463 1091 2493 Pri-

257 2515 357 2542 mum,
373 2515 411 2536 ex
423 2505 494 2536 data
509 2504 658 2537 densitate
673 2506 766 2547 globi,
784 2512 814 2537 et
828 2505 977 2537 densitate
990 2505 1090 2541 fluidi,

257 2547 442 2585 invenietur,
466 2558 522 2587 per
545 2548 616 2579 Cor.
644 2553 673 2586 2,
697 2549 744 2579 vis
765 2549 891 2590 aequalis
912 2548 1092 2580 resistentiae

259 2589 330 2621 cum
354 2590 499 2621 velocitas
523 2601 560 2621 ea
585 2598 631 2622 est
651 2601 745 2631 quam
766 2591 921 2632 acquirere
945 2597 1045 2631 potest
1065 2590 1093 2621 is

259 2632 382 2674 globus,
405 2632 544 2664 cadendo
565 2633 599 2663 in
614 2643 711 2664 vacuo
725 2643 778 2672 per
794 2634 855 2664 vim
878 2634 926 2664 sui
947 2633 1093 2673 ponderis

259 2675 458 2715 comparativi
480 2681 511 2707 et
532 2675 731 2707 describendo
746 2676 880 2715 spatium
894 2675 978 2716 quod
993 2675 1033 2706 sit
1053 2675 1093 2706 ad

259 2723 393 2758 quatuor
405 2718 507 2749 tertias
522 2717 662 2749 diametri
676 2728 741 2748 suae
755 2724 792 2748 ut
805 2718 940 2750 densitas
953 2717 1039 2759 globi
1053 2717 1093 2749 ad

261 2760 444 2791 densitatem
460 2760 558 2792 fluidi.

307 2802 464 2838 Secundo.
491 2813 529 2834 ex
553 2796 625 2835 data
648 2804 706 2835 bac
728 2802 900 2834 resistentia
924 2802 1096 2834 invenietur

262 2844 431 2876 resistentia
446 2856 516 2887 quae
538 2846 685 2887 competit
706 2845 858 2877 velocitati
880 2845 965 2887 globi
980 2845 1018 2876 de
1033 2856 1095 2885 quo

263 2887 366 2928 agitur
380 2890 439 2919 sub
454 2888 543 2920 initio
558 2889 625 2930 ejus
639 2894 752 2924 motus,
769 2889 842 2930 quia
856 2888 1033 2919 resistentia!
1043 2889 1094 2919 hic

264 2936 482 2969 supponuntur
495 2941 561 2962 esse
580 2937 617 2962 ut
638 2931 786 2972 quadrata
799 2931 1016 2969 velocitatum3
1038 2930 1096 2962 ista

264 2977 369 3002 autem
384 2974 555 3005 resistentia
570 2974 695 3016 cognita
707 2974 833 3005 dabitur
847 2980 970 3014 tempus
985 2983 1048 3015 quo
1070 2974 1096 3004 si

263 3013 331 3044 haec
346 3015 515 3047 resistentia
528 3017 725 3048 uniformiter
738 3022 852 3058 ageret,
875 3022 971 3048 totam
985 3016 1094 3047 veloci-

265 3061 360 3086 tatem
382 3067 476 3097 quam
497 3060 590 3090 habet
610 3059 723 3101 globus
737 3061 796 3091 sub
811 3059 899 3090 initio
921 3064 1024 3090 motus
1045 3058 1097 3089 de-

266 3103 382 3130 struere
396 3107 507 3140 posset,
524 3102 629 3142 sicque
643 3102 669 3132 si
687 3102 716 3133 B
734 3102 761 3133 C
777 3101 919 3144 designet
933 3111 1002 3133 eam
1016 3103 1099 3132 velo-

1131 1627 1247 1657 destrui
1276 1634 1385 1667 potest,
1418 1634 1450 1658 et
1477 1633 1579 1658 erecto
1606 1626 1827 1667 perpendiculo
1858 1626 1891 1656 A
1916 1626 1963 1663 D,
2029 1642 2033 1646 »

1130 1670 1310 1710 asymptotis
1328 1671 1358 1701 A
1376 1671 1419 1707 D,
1438 1670 1469 1700 A
1488 1671 1518 1701 B
1532 1680 1587 1710 per
1601 1675 1752 1709 punctum
1771 1669 1797 1700 C
1812 1668 1964 1700 describa-

1131 1719 1183 1743 tur
1196 1711 1373 1752 hyperbolii,
1398 1723 1435 1743 ex
1458 1713 1526 1754 ejus
1545 1712 1721 1752 hyperbolae
1735 1711 1964 1742 constructione

1130 1754 1254 1785 dabitur
1267 1755 1307 1785 ad
1321 1755 1480 1795 quodlibet
1493 1762 1617 1794 tempus
1638 1754 1735 1795 (quod
1751 1753 1964 1794 designabitur

1131 1806 1185 1836 per
1201 1798 1228 1826 B
1240 1797 1285 1835 E)
1302 1797 1445 1827 velocitas
1457 1796 1581 1828 residua
1596 1797 1626 1827 E
1643 1796 1678 1832 F,
1691 1795 1860 1826 resistentia
1874 1795 1903 1826 B
1915 1795 1963 1832 H,

1131 1845 1163 1868 et
1185 1839 1318 1876 spatium
1343 1839 1530 1878 descriptum
1558 1839 1584 1870 C
1602 1839 1630 1869 B
1649 1839 1678 1869 E
1697 1838 1744 1876 F;
1769 1837 1834 1878 qua
1858 1844 1964 1868 autem

1131 1880 1248 1910 ratione
1276 1881 1342 1911 haec
1367 1881 1491 1923 singula
1518 1881 1557 1912 ad
1586 1880 1743 1912 calculum
1770 1886 1962 1916 revocentur,

1131 1922 1307 1953 dicendum.

1175 1965 1204 1995 1.
1230 1965 1288 1995 vis
1301 1965 1353 1995 illa
1367 1975 1438 2006 quae
1452 1965 1631 1997 resistentiae
1653 1964 1780 2006 aequalis
1790 1974 1857 1996 esse
1871 1964 1964 1996 debet

1131 2006 1203 2037 cum
1223 2017 1334 2046 corpus
1355 2009 1446 2038 habet
1467 2007 1660 2039 velocitatem
1680 2007 1849 2038 maximam
1869 2016 1966 2047 quam

1131 2049 1220 2089 lapsu
1233 2059 1292 2081 suo
1306 2050 1340 2080 in
1354 2050 1452 2081 fluido
1465 2050 1538 2081 dato
1552 2051 1707 2091 acquirere
1721 2055 1832 2090 potoet,
1855 2055 1901 2080 est
1913 2049 1964 2089 ip-

1131 2101 1202 2122 sum
1215 2092 1338 2132 pondus
1358 2093 1599 2132 comparativum
1622 2092 1764 2133 corporis·
1788 2092 1828 2124 sit
1841 2101 1916 2134 ergo
1931 2091 1964 2123 A

1132 2135 1199 2175 ejus
1214 2135 1344 2174 pondus,
1367 2135 1501 2167 densitas
1514 2135 1587 2167 data
1599 2136 1735 2175 corporis
1748 2135 1848 2167 estvad
1861 2133 1965 2166 denui-

1131 2182 1227 2208 tatem
1241 2177 1339 2214 fluidi,
1361 2184 1399 2210 ut
1414 2179 1446 2209 A
1460 2178 1500 2210 ad
1514 2178 1639 2219 pondus
1652 2177 1778 2218 aequali·
1798 2176 1966 2209 volumin‘u

1133 2219 1231 2257 fluidi,
1255 2230 1319 2261 quo
1332 2220 1466 2257 invento,
1490 2220 1668 2252 den-ahstur
1680 2220 1760 2251 illud
1773 2229 1812 2252 ex
1826 2219 1965 2260 pondere

1136 2262 1179 2300 A,
1205 2263 1389 2304 relinquitur
1410 2263 1533 2303 pondus
1557 2263 1801 2304 comparativum
1824 2262 1911 2305 globi
1929 2260 1966 2293 in

1134 2304 1231 2335 fluido
1244 2306 1328 2346 quod
1342 2306 1463 2337 dicatur
1478 2307 1517 2337 Β.

1177 2348 1224 2379 Ut
1236 2355 1382 2387 praeterea
1395 2349 1616 2380 determinetur
1629 2354 1752 2388 tempus
1765 2356 1830 2389 quo
1838 2356 1966 2387 copon-

1133 2390 1206 2421 dere
1223 2391 1252 2421 B
1267 2401 1379 2430 corpus
1393 2397 1548 2431 percurret
1569 2391 1709 2423 cadendo
1730 2391 1864 2430 spatium
1878 2389 1965 2431 quod

1133 2433 1173 2464 sit
1185 2432 1225 2463 ad
1239 2440 1373 2474 quatuor
1386 2434 1490 2465 tertias
1498 2433 1638 2465 diametri
1653 2444 1719 2464 suae
1729 2438 1764 2463 ut
1778 2432 1847 2474 ejus
1860 2432 1964 2463 denai-

1133 2481 1179 2506 tas
1200 2475 1240 2506 ad
1261 2476 1442 2508 densitatem
1457 2476 1556 2515 fluidi,
1571 2477 1645 2514 sive,
1667 2475 1694 2507 si
1706 2475 1828 2507 dicatur
1843 2475 1878 2506 D
1898 2475 1967 2507 di·-

1132 2550 1231 2575 meter
1244 2549 1276 2575 et
1288 2543 1408 2575 dicatur
1425 2544 1452 2575 F
1466 2545 1601 2585 spatium
1614 2542 1699 2586 quod
1711 2543 1752 2575 sit
1765 2543 1806 2575 ad
1820 2520 1862 2601 {-
1879 2543 1913 2575 D
1928 2548 1966 2575 ut
2022 2563 2028 2567 -

1134 2612 1267 2644 densitas
1280 2611 1365 2654 globi
1380 2613 1419 2644 ad
1434 2613 1617 2645 densitatem
1637 2612 1743 2650 medii,
1766 2618 1804 2644 ut
1817 2610 1964 2643 determi-

1134 2662 1226 2687 netur
1250 2662 1372 2695 tempus
1393 2666 1456 2696 quo
1480 2655 1591 2696 globus
1613 2655 1750 2695 pondere
1774 2655 1804 2686 B
1825 2653 1966 2686 cadendo

1135 2705 1291 2738 percurret
1311 2699 1444 2738 epatium
1463 2698 1490 2729 F
1503 2699 1603 2738 posito
1617 2697 1703 2738 quod
1716 2708 1811 2739 grave
1823 2696 1964 2729 cadendo

1136 2741 1170 2772 in
1190 2751 1288 2772 vacuo
1308 2741 1442 2780 pondere
1460 2741 1490 2771 A
1505 2747 1644 2780 tempore
1665 2741 1759 2772 unius
1782 2739 1901 2771 minuti-
1917 2749 1968 2771 ⁸·-

1137 2795 1232 2826 cundi
1245 2794 1338 2835 pedes
1358 2794 1545 2826 Parisienses
1559 2785 1650 2836 15—12
1665 2794 1824 2835 percurrit,
1847 2800 1879 2825 et
1891 2791 1967 2825 cum

1137 2834 1234 2878 spatia
1255 2837 1380 2868 diversis
1400 2837 1514 2868 viribus
1535 2847 1606 2868 acce
1619 2837 1796 2868 eran-icibus
1817 2836 1969 2876 desoxipu

1137 2889 1246 2921 eodem
1268 2895 1405 2929 tempore
1419 2888 1480 2919 sint
1493 2894 1529 2919 ut
1543 2888 1605 2919 illae
1620 2888 1708 2926 vires,
1724 2888 1858 2928 spatium
1874 2879 1967 2932 1⁵15·

1137 2932 1254 2972 pedum
1269 2930 1403 2973 pondere
1421 2932 1451 2962 A
1466 2941 1531 2962 uno
1545 2931 1667 2962 minuto
1688 2930 1824 2962 secundo
1845 2936 1969 2970 percur-

1139 2984 1210 3005 sum
1225 2981 1269 3006 est
1283 2973 1323 3005 ad
1337 2973 1470 3014 spatium
1491 2973 1599 3005 eodem
1622 2980 1760 3014 tempore
1779 2972 1915 3013 pondere
1938 2971 1968 3003 B

1143 3026 1325 3057 percursum
1339 3023 1375 3048 ut
1396 3017 1422 3047 A
1433 3015 1473 3047 ad
1489 3016 1530 3047 Β.
1574 3017 1620 3048 Ut
1634 3022 1739 3047 autem
1753 3021 1798 3046 est
1811 3014 1892 3047 illud
1901 3024 1971 3054 apa-

1143 3059 1234 3097 tium‚
1250 3059 1291 3091 ad
1305 3058 1436 3100 spatium
1456 3058 1492 3098 F,
1507 3059 1550 3090 ita
1558 3058 1741 3100 quadratum
1753 3057 1866 3088 minuti
1877 3057 1973 3088 unius

1143 3102 1271 3134 secundi
1292 3101 1332 3133 ad
1353 3101 1538 3142 quadratum
1552 3101 1696 3141 temporis
1710 3110 1772 3143 quo
1787 3109 1824 3132 eo
1838 3098 1974 3140 pondere
