2066 3548
13 3036 23 3104 ,ἐ

147 234 297 276 Lmen
319 234 536 286 Secund]
588 230 907 276 PRINCIPIA·
937 228 1426 273 MATHEMATICA.
1516 222 1519 225 ’
1787 236 1866 275 4⁶2¹)>

145 363 234 390 esse
259 360 355 389 cum
381 347 580 390 methodo
602 347 726 390 Slusii
746 353 835 388 tum
852 345 1039 387 nondum
1059 342 1356 386 communicat&
1368 358 1381 393 ;
1412 342 1627 398 subjunxi:
1659 345 1754 386 Hoc
1783 353 1839 388 est

142 433 260 460 unum
271 420 525 471 particulare
544 421 607 460 vel
627 417 889 461 Corollarium
900 418 1039 470 potius
1057 416 1229 457 methodi
1242 415 1460 470 generalis,
1489 428 1576 468 quae
1594 416 1770 456 extendit
1798 432 1839 458 se

142 491 247 532 citra
265 491 461 531 molestum
479 492 600 532 ullum
614 490 814 539 calculum,
835 502 915 530 non
926 490 1039 530 modo
1058 487 1111 542 (¹²)
1127 488 1184 528 ad
1202 489 1415 528 ducendum
1430 493 1635 542 tangentes
1649 489 1705 528 ad
1724 502 1840 542 quas-

141 560 200 603 vis
232 573 371 602 curvas
403 563 486 603 sive
498 562 754 617 geometricas
771 561 852 602 sive
871 561 1114 602 mechanicas
1133 561 1195 600 vel
1218 561 1554 613 quomodocunque
1566 566 1695 601 rectas
1711 561 1840 601 lineas

139 634 291 675 aliasve
301 647 439 675 curvas
449 634 710 688 respicientes,
719 631 849 675 verum
861 635 979 675 etiam
991 633 1048 673 ad
1057 631 1321 674 resolvendum
1328 632 1415 671 alia
1427 631 1671 672 abstrusiora
1678 632 1840 684 proble-

139 710 286 745 matum
300 719 450 759 genera
471 707 520 746 de
539 705 588 759 (⁰)
609 705 877 754 curvitatibus‚
902 704 953 758 (Ρ)
974 705 1093 753 areis,
1114 702 1440 757 longitudinibus,
1464 703 1516 757 (q)
1529 704 1685 744 >centris
1698 704 1840 757 gravi-

137 777 235 817 tatis
253 789 470 826 curvarum,
492 776 560 826 ᾇε.
581 789 704 829 neque
724 774 1068 830 (quemadmodum
1087 774 1303 815 Huddenii
1315 774 1514 814 methodus
1534 775 1583 814 de
1600 773 1782 815 maximis
1801 780 1841 815 et

138 845 338 901 minimis)
359 847 415 886 ad
431 847 535 886 solas
553 845 810 899 restringitur
827 845 1067 899 aeqmtiones
1086 843 1179 885 illas
1193 857 1281 897 quae
1294 843 1584 898 quantitatibus
1603 844 1735 885 surdis
1748 846 1841 885 sunt

136 917 332 957 immunes.
389 916 517 956 Hanc
548 916 765 957 methodum
798 915 1011 956 intertexui
1037 914 1159 956 alteri
1177 915 1247 955 isti
1266 912 1346 968 qud
1364 915 1628 968 aequationum
1657 916 1839 968 exegesin

137 986 303 1027 instituo
320 987 540 1027 reducendo
558 1000 625 1027 eas
644 986 701 1026 ad
717 986 837 1027 series
855 984 1049 1038 infinitas.
1108 984 1326 1025 Hactenus
1347 984 1533 1038 epistola.
1594 984 1650 1025 Et
1668 983 1760 1025 haec
1774 984 1837 1025 ul-

134 1056 234 1097 tima
262 1057 386 1098 verba
415 1064 602 1111 spectant
625 1057 680 1098 ad
700 1063 917 1098 tractatum
937 1068 1059 1111 quem
1079 1068 1189 1095 anno
1212 1060 1336 1099 1671.
1358 1054 1411 1096 de
1429 1055 1495 1096 his
1514 1054 1638 1096 rebus
1660 1055 1837 1110 scripse-

132 1143 236 1169 ram.
280 1128 474 1170 Methodi
493 1127 592 1171 vero
611 1128 733 1184 hujus
747 1127 949 1185 generalis
968 1126 1284 1169 fundamentum
1303 1126 1538 1170 continetur
1557 1127 1602 1168 in
1618 1127 1836 1170 Lemmate

133 1197 406 1252 praecedente.
438 1199 497 1254 (†)

456 1368 829 1411 PROPOSITIO
858 1367 984 1410 VIII.
1044 1365 1404 1409 THEOREMA
1433 1366 1511 1408 VI.

129 1488 176 1531 Si
192 1501 330 1541 corpus
350 1487 394 1528 in
408 1488 535 1528 medio
546 1486 748 1541 uniformi,
765 1487 971 1541 gravitate
989 1485 1242 1541 uniformiter
1260 1491 1415 1539 agente,
1435 1482 1546 1525 recta‘
1561 1485 1750 1525 ascendat
1769 1485 1832 1525 vel

185 1560 406 1609 descendat,
441 1565 480 1599 et
509 1559 820 1612 spatium-totum
839 1560 1074 1612 descriptum
1102 1559 1374 1613 distinguatur
1403 1558 1449 1598 in
1471 1562 1614 1611 partes
1645 1558 1828 1610 aequales‚

182 1632 303 1684 inque
311 1631 534 1684 principiis
552 1631 798 1685 singularum
809 1631 993 1684 partium
1004 1628 1225 1685 (addendo
1242 1629 1508 1670 resistentiam
1525 1628 1648 1668 medii
1667 1629 1724 1668 ad
1751 1627 1829 1668 vim

178 1702 411 1756 gravitatis,
446 1702 604 1755 quando
619 1714 773 1754 corpus
800 1701 989 1751 ascendit,
1017 1701 1079 1742 vel
1103 1700 1347 1742 subducendo
1367 1700 1494 1752 ipsam
1513 1699 1672 1753 quando
1691 1711 1832 1751 corpus

181 1770 406 1825 descendit)
428 1770 711 1826 investigentur
729 1771 833 1813 vires
851 1771 1061 1819 absobutoe;
1089 1772 1178 1813 dico
1195 1768 1302 1826 quod
1318 1770 1422 1812 vires
1436 1770 1520 1812 illae
1533 1770 1722 1812 absolutae
1739 1775 1833 1811 sunt

180 1843 226 1882 in
236 1842 517 1895 progressione
529 1841 791 1897 geometricd(

195 1960 442 2015 Exponatm·
484 1959 596 2002 enim
644 1961 706 2002 vis
778 1986 829 2022 Ἡ

124 2032 334 2088 gravitatis
369 2044 446 2087 per
484 2030 623 2072 datam
654 2030 707 2071 li-

124 2117 246 2145 neam
262 2101 348 2144 AC
354 2118 366 2151 3
387 2102 620 2143 resistentia
631 2116 708 2156 per

123 2175 275 2216 lineam
295 2172 554 2216 indefinitam
573 2174 615 2215 A
639 2173 699 2223 K;

125 2246 185 2288 vis
213 2245 403 2288 absoluta
429 2245 474 2285 in
502 2244 707 2288 descensu

124 2317 309 2374 corporis
337 2331 413 2373 per
433 2316 706 2359 differentiam

125 2388 169 2435 K
191 2389 251 2438 C;
286 2387 481 2430 velocitas
515 2388 705 2443 corporis

122 2474 198 2515 per
215 2460 369 2517 lineam
389 2459 431 2501 A
453 2459 502 2510 P,
535 2474 629 2516 quae
656 2460 708 2502 sit
1139 2504 1146 2518 ¹
1178 2503 1184 2518 1

122 2530 260 2572 media
289 2516 618 2586 proportionalis
638 2531 702 2573 in-
828 2534 861 2571 C
1121 2533 1162 2567 0.
1179 2533 1216 2566 P
1248 2530 1386 2567 LKI
1412 2531 1459 2567 A.
1509 2532 1536 2569 1
1580 2533 1623 2570 k
1674 2532 1699 2568 1
1725 2531 1754 2568 ‘1
1774 2531 1805 2571 P

157 2659 205 2700 (¹¹)
237 2661 255 2681 ⁰
284 2661 336 2691 Aa
363 2662 539 2693 ducendum
565 2667 720 2701 tangentes
747 2662 835 2703 (150.
871 2664 940 2694 156.
1029 2661 1075 2704 (q)
1092 2663 1110 2682 ⁰
1128 2662 1245 2694 Centris
1255 2661 1420 2702 gravitatis.
1447 2663 1514 2702 (66.
1534 2660 1605 2693 Lib.
1621 2661 1673 2701 Ι.)

116 2701 189 2733 Lib.
208 2701 256 2742 Ι.)
284 2702 354 2733 vide
376 2703 566 2734 Mai-chionis
586 2703 757 2743 Hospitalii
781 2704 944 2744 Analysim
1029 2704 1079 2746 (Τ)
1105 2704 1146 2735 In
1160 2703 1404 2743 praecedentibus
1418 2703 1606 2734 editionibus
1626 2702 1710 2735 istud
1730 2704 1820 2736 scho-

113 2743 237 2774 infinit&
250 2754 422 2783 parvorum,
439 2745 492 2776 ubi
507 2745 671 2780 methodus
683 2745 738 2778 illa
748 2747 943 2789 tangentium
984 2745 1064 2778 lium
1078 2747 1136 2777 hoc
1150 2746 1244 2777 modo
1257 2756 1290 2777 se
1304 2747 1444 2777 habebat.

115 2785 184 2817 fuse
199 2793 230 2816 et
243 2785 403 2826 perspicue
417 2787 590 2827 exponitur.
1032 2789 1073 2825 In
1087 2788 1194 2820 litteris
1207 2798 1280 2829 quae
1293 2788 1370 2818 mihi
1384 2797 1458 2819 cum
1469 2787 1625 2828 geomeufi
1637 2771 1820 2828 peritissimo

154 2827 199 2869 (⁰)
217 2830 234 2848 *
251 2830 303 2859 De
318 2831 523 2862 cuv-vitatibus.
548 2833 639 2871 (216.
655 2830 727 2862 Lib.
748 2830 796 2871 1.)
993 2831 1033 2863 G.
1055 2830 1097 2862 G.
1117 2830 1274 2862 Leibnitio
1288 2830 1376 2861 annis
1390 2829 1501 2861 abhinc
1521 2829 1627 2861 decem
1643 2830 1817 2863 'intercede-

160 2870 205 2911 (Ρ)
224 2871 240 2889 ⁸
258 2871 358 2908 Areis,
373 2872 619 2912 longitudinibus,
635 2873 691 2904 &c-
718 2873 800 2905 Haec
809 2871 949 2912 plurimis
989 2875 1074 2911 bant,
1090 2872 1163 2904 ciim
1186 2872 1391 2914 significarem
1412 2881 1463 2901 me
1479 2878 1653 2912 compotem
1674 2884 1739 2904 esse
1752 2883 1818 2904 me-

115 2911 272 2952 exempsss,
289 2918 359 2943 tum
375 2911 425 2944 10·
442 2919 510 2944 tum
526 2914 575 2945 20·
591 2915 672 2946 libro
686 2915 836 2947 contentis
849 2915 948 2946 mani·
989 2915 1076 2947 thodi
1090 2914 1314 2946 determinandi
1327 2913 1464 2944 maxima
1477 2919 1508 2945 et
1521 2913 1659 2953 minima,
1683 2915 1818 2947 ducendi

113 2953 190 2984 festa
203 2960 285 2985 sunt„
333 2954 417 2986 Vide
428 2961 592 2988 tractatum
607 2958 752 2990 Newtoni
767 2957 806 2989 de
819 2957 948 2999 quadra-
989 2964 1160 2998 tangentae‚
1182 2963 1213 2988 et
1228 2956 1339 2987 similia
1352 2955 1529 2996 peragendi,
1550 2966 1620 2998 quae
1633 2957 1667 2987 in
1681 2959 1819 2990 terminis

113 2995 184 3033 tura
199 3006 375 3028 curvarum.
737 3033 740 3036 ,
990 3000 1091 3031 surdis
1113 3009 1201 3042 aeque
1223 3008 1259 3030 ac
1280 2998 1314 3028 in
1342 2997 1540 3030 rationalibus
1567 3000 1752 3039 procederet,
1787 3007 1818 3032 et

155 3049 235 3082 vox..
254 3051 304 3082 11.
947 3054 980 3085 D
