2066 3548
255 283 337 322 282

253 388 405 421 intervalli
420 388 500 420 inter
512 387 677 428 particulas
691 387 795 422 medii,
812 395 884 416 cum
899 390 986 414 motu
998 393 1082 414 com-

253 431 344 462 muni
357 441 431 462 cum
452 438 567 470 puncto
586 431 614 460 A
632 430 784 464 feruntur,
808 438 872 458 esse
894 426 1084 466 ubicumque

253 473 405 510 eamdem,
427 479 458 504 et
478 473 626 513 aequalem
649 470 777 501 dimidio
798 469 896 509 spatio
917 470 956 499 ab
980 469 1012 498 A
1029 467 1083 497 de-

253 516 366 555 scripto
380 516 498 555 dumuss
514 515 697 545 celeritatem
713 523 744 542 m
761 511 899 551 acquirit«

298 559 380 589 Nam
403 558 476 588 cum
501 558 530 587 A
552 556 598 587 bis
619 555 652 585 id
680 554 844 585 dimidium
873 552 1006 593 spatium
1026 552 1079 583 de-

253 601 403 640 scr1pserit
417 606 448 630 et
466 600 493 629 B
508 597 603 628 semel
617 598 693 627 dum
708 597 736 627 B
748 605 944 626 communem
959 605 1031 625 cum
1044 596 1074 626 A

252 650 372 674 motum
388 642 522 680 suscipit,
545 640 734 670 contrahitur
754 638 886 678 spatium
901 638 981 667 inter
998 638 1028 667 A
1045 644 1076 668 et

254 686 283 716 B
298 684 426 715 dimidio
435 683 488 713 illo
499 682 614 722 spatio;
635 683 662 712 A
674 681 817 720 processit
827 686 873 711 ter
883 680 937 710 illo
947 679 1076 710 dimidio

250 727 348 766 spatio
361 733 393 756 et
410 726 436 757 C
451 725 545 755 semel
566 725 642 754 dum
659 725 685 754 C
700 732 895 753 communem
911 732 983 752 cum
1002 722 1029 752 B
1045 730 1076 752 et

253 772 284 800 A
295 775 414 798 motum
429 768 562 806 suscipit,
580 777 653 807 ergo
667 765 861 796 intervallum
873 764 950 794 inter
965 765 994 793 A
1005 770 1036 793 et
1051 764 1077 795 C

250 810 346 850 duplo
361 810 428 851 ejus
441 809 559 840 dimidii
568 808 655 847 spatii
668 808 855 838 diminutum
868 812 922 842 est,
935 806 988 835 sed
1000 805 1078 836 inter

252 855 284 883 A
300 859 331 883 et
343 852 369 883 C
381 853 444 884 duo
458 858 531 883 sunt
545 851 761 890 particularum
776 849 935 878 intervalla
950 848 978 877 A
992 855 1022 878 et
1035 848 1074 885 B,

252 896 281 926 B
297 901 328 925 et
345 895 380 930 C,
394 901 434 925 -et
455 893 587 932 primum
610 891 804 923 intervallum
819 897 864 920 est
879 897 1069 923 contractum

249 936 380 968 dimidio
399 936 452 966 illo
473 936 579 974 spatio,
603 945 676 976 ergo
696 933 889 964 intervallum
905 933 984 963 inter
1001 933 1028 962 B
1044 939 1075 962 et

252 980 278 1011 C
293 979 403 1010 eodem
418 978 546 1008 dimidio
559 977 719 1008 intervallo
739 976 926 1006 diminutum
941 985 1005 1005 esse
1019 974 1073 1005 de-

247 1023 309 1058 bet,
325 1022 427 1061 sicque
442 1021 480 1050 de
494 1021 619 1050 caeteris.

291 1068 340 1094 16.
369 1062 444 1093 lde&
459 1062 484 1091 si
501 1063 639 1102 quolibet
658 1067 796 1100 tempore
816 1060 919 1098 elapso
933 1065 1074 1089 sumatur

247 1106 298 1136 via
319 1111 383 1136 tota
402 1104 509 1144 puncti
534 1105 577 1140 A,
598 1114 634 1133 ea
655 1103 703 1133 via
724 1102 848 1142 aequalis
868 1103 926 1133 erit
943 1111 1074 1132 summae

246 1147 490 1178 diminutionum
504 1145 737 1176 intervallorum
758 1145 838 1174 inter
860 1153 966 1174 omnes
980 1144 1072 1182 parti-

246 1190 334 1220 culas
340 1189 465 1228 sdquas
474 1188 610 1218 celeritas
621 1198 653 1217 ιιι
665 1187 890 1218 communicata
905 1185 982 1223 fuit3
999 1184 1072 1216 cum

247 1241 322 1272 ergo
335 1237 440 1261 motus
463 1230 568 1269 puncti
586 1231 616 1260 A
632 1230 671 1260 sit
685 1228 855 1263 uniformis,
879 1228 1074 1261 uniformiter

246 1274 340 1304 etiam
354 1273 463 1303 crescit
478 1282 630 1302 numerus
644 1271 865 1311 particularum
880 1270 919 1300 ad
934 1280 1009 1310 quas
1023 1280 1072 1300 ce-

245 1316 347 1346 leritas
362 1325 395 1345 m
407 1315 671 1351 communicatur;
687 1319 718 1344 et
729 1323 876 1344 numerus
887 1322 992 1343 earum
1004 1322 1072 1351 par·

245 1358 410 1390 ticularum
431 1357 558 1397 aequalis
572 1357 629 1387 erit
643 1358 699 1386 vioe
713 1366 732 1385 a
746 1362 861 1395 puncto
878 1355 909 1385 A
924 1364 1073 1394 percursae

245 1400 351 1430 divise
365 1409 419 1439 per
432 1399 646 1430 diminutionis
665 1398 816 1429 intervalli
836 1398 931 1428 unius
949 1396 1071 1437 quanti-

244 1447 349 1473 tatem.
988 1460 992 1463 ⁴

288 1487 337 1515 17.
364 1484 513 1514 Manente
527 1489 631 1514 autem
642 1482 739 1513 fluido
747 1481 865 1519 eodem,
881 1481 936 1512 sed
951 1479 1069 1513 mutata

243 1526 398 1556 celeritate
412 1526 518 1566 puncti
539 1527 579 1562 A,
595 1531 733 1564 tempora
745 1525 856 1565 quibus
869 1529 984 1563 puncta
998 1534 1068 1555 suc-

244 1569 358 1599 cessiva
382 1568 476 1599 medii
497 1568 679 1598 celeritatem
701 1567 767 1607 ejus
790 1566 895 1605 puncti
920 1569 947 1595 A
973 1566 1067 1595 susci-

242 1609 332 1650 piunt
347 1610 453 1640 eadem
468 1617 570 1640 tamen
592 1615 735 1640 manent:
761 1619 832 1639 nam
848 1608 873 1638 si
887 1608 920 1638 in
934 1607 1069 1638 formula

369 1656 443 1684 5.57
460 1663 479 1682 a
494 1654 509 1671 ²
524 1662 556 1682 m

456 1714 471 1733 s

242 1745 390 1785 temporis
415 1754 478 1785 quo
506 1752 658 1783 punctum
689 1746 718 1776 B
747 1744 853 1784 recipit
884 1743 1068 1774 celeritatem

242 1788 351 1826 puncti
368 1788 399 1818 A
414 1787 637 1818 substituantur
657 1788 726 1818 loeo
748 1798 778 1816 m
801 1794 832 1816 et
853 1797 868 1816 s
886 1787 1070 1826 quantitates

242 1830 315 1868 ipsis
336 1829 574 1870 aequipollentes,
599 1830 731 1860 formula
755 1830 821 1858 haec
843 1828 895 1865 fiet
916 1828 1068 1867 quantitas

242 1878 386 1902 constans
409 1873 567 1912 (manente
593 1872 717 1901 elaterio
741 1870 835 1900 medii
857 1877 887 1899 et
909 1870 1068 1899 intervallo

242 1913 476 1952 particularum)
506 1923 708 1952 quaecumque
733 1913 772 1942 sit
795 1911 937 1942 velocitas
959 1912 1066 1949 puncti

245 1957 276 1986 A
288 1967 297 1992 ;
313 1955 427 1986 etenim
441 1955 560 1985 dicatur
569 1955 586 1984 f
597 1956 641 1985 vis
655 1955 777 1985 elastica
790 1954 894 1990 medii,
909 1953 1064 1993 quoniam,

242 2007 280 2028 ex
301 1997 460 2037 hypothesi
484 1997 687 2028 Problematis
707 1997 846 2037 hujusce,
874 1994 1067 2026 uniformiter

241 2047 486 2080 agerecensetur
500 2045 561 2068 tem
619 2050 636 2070 e
649 2039 733 2080 quod
747 2038 927 2077 exprimitur
938 2047 992 2076 per
1002 2047 1021 2067 a
1031 2043 1068 2067 ut

242 2081 427 2112 celeritatem
451 2091 466 2111 s
490 2091 602 2122 genere
616 2103 625 2119 ,
652 2082 709 2112 erit
729 2091 744 2111 s
762 2093 808 2109 =
822 2091 841 2110 a
861 2079 878 2109 f
883 2091 893 2117 3
923 2085 1068 2118 praeterea

905 2126 933 2152 3.
940 2124 978 2152 57
987 2123 1024 2151 a²
1035 2131 1067 2151 m

242 1688 264 1708 x
277 1680 293 1697 ²
307 1691 353 1707 =
571 1676 634 1718 qua
648 1676 867 1708 determinatur
887 1674 1068 1716 quadratum

241 2149 386 2190 quoniam
396 2148 613 2190 particularum
624 2148 817 2180 intervallum
830 2148 858 2178 B
865 2148 894 2177 A

461 2217 490 2248 A
509 2218 537 2248 Β
613 2222 688 2249 3.57
714 2218 743 2248 A
763 2218 791 2248 B

488 2282 507 2301 a
552 2266 597 2274 '-
696 2270 714 2299 f

478 2332 497 2352 a
511 2321 530 2351 f

242 2370 414 2397 constantes
434 2363 557 2395 tantum
577 2364 713 2394 continet
731 2364 751 2395 ὰ
766 2362 918 2394 celeritate
931 2372 965 2392 m
978 2361 1065 2393 inde·

239 2407 427 2447 pendentes;
443 2407 523 2442 hinc,
539 2412 661 2445 tempus
675 2416 738 2447 quo
750 2412 902 2446 punctum
917 2405 944 2435 B
960 2405 1065 2434 celeri-

240 2457 334 2480 tatem
355 2449 462 2487 puncti
480 2448 510 2479 A
531 2449 636 2488 recipit
649 2449 733 2479 idem
747 2455 792 2478 est
805 2457 1007 2488 quoecumque
1028 2447 1068 2477 sit

240 2491 383 2523 velocitas
396 2492 503 2530 puncti
518 2491 547 2521 A
559 2503 568 2529 ;
583 2490 665 2521 idem
675 2490 930 2521 demonstrabitur
938 2490 976 2519 de
987 2494 1065 2519 tem-

239 2544 314 2574 pore
338 2543 400 2574 quo
423 2540 574 2573 punctum
602 2534 628 2564 C
654 2543 721 2563 eam
743 2530 927 2563 celeritatem
947 2531 1064 2570 recipit,

241 2586 314 2606 nam
337 2577 430 2607 habet
452 2578 530 2617 (not.
550 2575 617 2614 18.)
640 2576 789 2605 rationem
813 2579 1002 2604 constantem
1024 2573 1064 2603 ad

240 2624 363 2658 tempus
373 2628 435 2658 quo
446 2624 597 2657 punctum
612 2619 640 2648 B
650 2627 717 2648 eam
729 2616 912 2647 celeritatem
924 2615 1062 2655 acquirit,

240 2666 286 2691 est
300 2670 411 2699 nempe
425 2660 466 2691 ad
479 2660 511 2691 id
525 2665 646 2699 tempus
658 2665 695 2690 ut
709 2663 729 2690 3
743 2658 783 2690 ad
797 2662 827 2696 2,
849 2664 879 2689 et
893 2658 936 2689 sic
950 2658 989 2688 de
1003 2667 1062 2688 cae-

240 2703 312 2734 teris
326 2703 457 2742 punctis.
507 2703 549 2738 Q.
565 2712 592 2733 e.
611 2702 641 2733 d.

286 2748 334 2775 18.
367 2744 600 2775 Diminutiones
619 2743 848 2775 intervallorum
863 2742 943 2773 inter
963 2747 1062 2782 partes

241 2787 336 2818 medii
357 2787 472 2818 elastici
495 2789 653 2828 (manente
674 2786 782 2817 eodem
802 2784 912 2824 fluido)
935 2790 1008 2815 sunt
1027 2790 1064 2814 ut

241 2829 377 2860 celeritas
390 2829 496 2869 puncti
511 2829 540 2859 A
552 2841 562 2866 3
577 2839 649 2860 nam
664 2829 796 2868 spatium
811 2829 840 2858 A
852 2837 872 2857 a
885 2835 1063 2866 percursum

240 2882 260 2901 a
272 2877 387 2909 puncto
405 2873 434 2902 A
449 2878 586 2910 tempore
596 2881 659 2911 quo
669 2877 751 2902 certa
763 2868 904 2910 quaedam
915 2869 1063 2908 particula

240 2913 335 2943 medii
360 2914 474 2944 elastici
499 2913 683 2944 celeritatem
698 2923 731 2943 ιιι
743 2912 851 2952 recipit
875 2918 921 2942 est
944 2921 1064 2950 semper

240 2964 274 2984 m
296 2964 324 2990 x,
353 2957 387 2996 (x
410 2956 589 2996 designante
610 2962 732 2995 tempus
754 2965 817 2995 quo
840 2954 894 2984 illa
915 2954 1064 2993 particula

241 2996 334 3027 medii
357 2997 541 3028 celeritatem
556 3008 589 3028 ιιι
603 2997 742 3037 suscipit)
768 2996 822 3027 sed
842 2996 921 3026 illud
942 3003 1064 3035 tempus

242 3043 287 3068 est
301 3046 443 3068 constans
459 3042 504 3087 (n.
528 3043 573 3071 17.
589 3039 732 3081 hujusce)
746 3048 949 3080 quaecumque
963 3038 1002 3068 sit
1015 3048 1065 3068 ce-

241 3080 345 3111 leritas
366 3087 474 3119 puncti
498 3082 540 3118 A,
566 3092 640 3122 ergo
661 3082 792 3121 spatium
811 3082 840 3112 A
857 3091 876 3111 a
888 3089 935 3110 est
947 3090 1067 3119 semper

242 3128 279 3154 ut
291 3123 436 3155 velocitas
446 3133 498 3162 m;
514 3123 567 3154 scd
582 3124 661 3155 illud
675 3124 807 3164 spatium
819 3124 848 3154 A
861 3128 933 3154 aest
947 3133 1068 3155 summa

239 2255 286 2273 =
302 2246 378 2276 3.57
393 2246 442 2275 8²

814 2251 884 2283 quae
905 2239 1068 2282 quantitas,

671 271 1119 318 PHILOSOPHIAE
1151 271 1510 316 NATURALIS

1125 382 1368 414 diminutionum
1384 384 1614 414 intervallorum
1629 385 1708 416 inter
1719 393 1818 425 partes
1826 386 1865 417 ad
1875 397 1952 427 quas

1125 426 1263 456 celeritas
1277 436 1309 456 m
1325 427 1462 465 pervenit
1478 429 1523 468 (n.
1546 427 1622 466 160),
1645 427 1776 469 singulae
1789 436 1892 460 autem
1903 430 1951 460 di-

1125 467 1314 498 minutiones
1334 474 1408 498 sunt
1429 469 1560 509 aequales
1583 471 1628 510 (n.
1650 473 1717 509 15.)
1733 480 1807 511 ergo
1821 471 1951 512 singula

1125 508 1345 541 diminutiones
1359 518 1432 542 sunt
1448 518 1483 541 ut
1497 511 1576 542 illud
1590 511 1723 551 spatium
1739 513 1770 545 A
1785 523 1814 551 a,
1827 514 1893 550 sive
1913 520 1950 546 ut

1124 551 1306 583 velocitates.

1115 603 1130 611 f
1165 598 1212 625 19.
1240 595 1284 624 Et
1298 595 1364 626 vice
1376 595 1472 632 versa,
1489 606 1637 626 numerus
1650 596 1784 636 partium
1794 608 1948 638 compres-

1117 645 1218 666 sarum
1230 647 1300 676 quae
1313 637 1385 668 dato
1393 643 1529 677 tempore
1538 638 1721 670 celeritatem
1736 640 1841 679 puncti
1856 642 1886 671 A
1897 651 1947 671 re-

1118 685 1266 717 ceperunt
1279 685 1324 709 est
1338 690 1457 719 semper
1470 681 1552 710 idem
1567 691 1771 722 quaecumque
1785 682 1825 712 sit
1837 684 1944 721 puncti

1120 721 1150 750 A
1173 721 1334 759 velocitas3
1360 731 1433 752 nam
1458 722 1509 752 ille
1520 733 1668 753 numerus
1689 730 1735 755 est
1756 731 1792 754 ut
1812 725 1947 764 spatium

1122 763 1154 792 A
1165 773 1184 793 a
1198 763 1330 793 divisum
1345 773 1399 803 per
1410 764 1503 795 unius
1513 765 1605 804 partis
1615 765 1861 803 diminutionem,
1877 777 1946 808 spa-

1119 805 1198 834 tium
1217 806 1247 835 A
1264 815 1283 835 a
1295 805 1368 836 dato
1382 812 1517 845 tempore
1532 813 1579 837 est
1585 814 1621 838 ut
1634 807 1771 839 celeritas
1781 810 1888 849 puncti
1901 810 1944 846 A,

1118 847 1283 878 diminutio
1297 848 1390 878 unius
1404 849 1497 887 partis
1511 855 1556 879 est
1570 850 1664 880 etiam
1679 857 1715 880 ut
1731 860 1768 883 ea
1782 851 1946 891 celeritas.;

1117 899 1192 929 ergo
1206 900 1353 921 numerus
1367 890 1500 930 partium
1515 901 1584 931 quae
1599 891 1670 926 dato
1684 898 1822 932 tempore
1836 894 1945 927 celeri.-

1116 938 1209 962 tatem
1225 933 1329 971 puncti
1351 935 1379 963 A
1395 939 1585 972 receperunt,
1607 940 1654 964 est
1674 940 1711 964 ut
1729 935 1867 970 celeritas
1887 946 1948 976 per

1116 974 1300 1006 celeritatem
1315 974 1419 1011 divisa,
1445 975 1502 1007 hoc
1517 981 1573 1012 est,
1594 975 1628 1005 in
1642 976 1758 1007 ratione
1772 978 1942 1017 constanti‚;

1117 1016 1210 1054 unde,
1227 1017 1260 1046 in
1275 1016 1400 1047 diversis
1415 1017 1603 1056 temporibus
1617 1028 1766 1049 numerus
1778 1019 1943 1058 particula-

1121 1068 1192 1088 rum
1206 1059 1244 1089 ad
1259 1069 1335 1099 quas
1350 1060 1487 1091 celeritas
1500 1070 1531 1091 m
1546 1061 1728 1099 pervenerit,
1749 1061 1807 1092 erit
1827 1061 1942 1094 directe

1118 1107 1155 1131 ut
1168 1106 1298 1141 tempus.

1159 1147 1208 1174 20.
1237 1143 1331 1180 Quod
1345 1143 1369 1173 si
1385 1144 1541 1183 particulae
1556 1144 1627 1176 data
1637 1144 1790 1177 celeritate
1800 1146 1866 1187 jam
1881 1146 1944 1178 sint

1116 1184 1252 1222 dimotae,
1267 1192 1298 1217 et
1311 1192 1428 1216 certum
1444 1187 1577 1226 gradum
1592 1188 1826 1226 compressionis
1838 1199 1942 1219 susce-

1115 1228 1224 1266 perint,
1248 1235 1353 1267 postea
1373 1227 1445 1260 vero
1466 1239 1546 1259 nova
1568 1229 1712 1260 velocitas
1725 1230 1857 1261 addatur
1878 1231 1944 1272 (vel

1116 1266 1305 1311 detrabatur)
1322 1277 1438 1309 puncto
1454 1272 1497 1308 A,
1514 1281 1614 1302 novus
1628 1272 1681 1302 ille
1695 1272 1857 1308 celeritatis
1870 1283 1942 1313 gra-

1116 1311 1175 1342 dus
1197 1313 1304 1343 eodem
1327 1319 1463 1352 tempore
1484 1315 1529 1345 ab.
1544 1314 1608 1346 ιιιιὲι
1629 1313 1781 1353 particula
1795 1315 1834 1345 ad
1850 1315 1941 1346 aliam

1115 1355 1332 1396 propagabitur
1343 1365 1404 1395 quo
1420 1356 1517 1394 prima
1531 1356 1669 1397 celeritas
1690 1364 1856 1398 propagata
1870 1358 1940 1395 fuit,

1116 1398 1164 1438 (in
1183 1397 1343 1436 hypothesi
1364 1397 1448 1437 quod
1469 1404 1533 1428 tam
1554 1398 1697 1428 velocitas
1710 1408 1743 1428 m
1757 1398 1852 1439 quam
1874 1400 1942 1435 haec

1113 1448 1193 1470 nova
1213 1439 1355 1472 velocitas
1375 1439 1514 1471 addititia
1527 1441 1649 1482 exiguae
1663 1440 1751 1482 sunt)
1767 1440 1862 1483 idque
1881 1442 1941 1473 hoc

1110 1481 1204 1512 modo
1219 1481 1417 1512 demonstran*
1431 1487 1540 1522 potest-

1155 1534 1182 1564 F
1183 1534 1306 1575 ingatur
1333 1543 1441 1565 omnes
1465 1535 1630 1574 particulas
1658 1535 1759 1575 primii
1787 1535 1941 1568 celeritate

1110 1581 1209 1606 motas
1222 1582 1253 1606 et
1267 1586 1453 1615 compressas
1467 1578 1501 1607 in
1512 1578 1583 1608 navi
1593 1579 1708 1617 positas
1717 1589 1783 1610 esse
1793 1589 1863 1620 quae
1874 1579 1941 1619 ipsa

1110 1618 1329 1657 particularum
1343 1629 1449 1654 earum
1464 1619 1617 1650 celeritate
1632 1620 1760 1658 feratur,
1775 1621 1819 1652 ita
1833 1628 1868 1651 ut
1877 1621 1940 1652 inae

1110 1660 1268 1700 particulae
1283 1660 1316 1690 in
1330 1660 1367 1690 ea
1382 1671 1458 1691 nave
1469 1661 1634 1701 respective
1647 1663 1813 1703 quiescant,
1829 1674 1942 1704 urgea-

1111 1710 1163 1733 tur
1177 1702 1248 1736 ver&
1262 1703 1363 1742 prima
1376 1713 1446 1742 pars
1457 1714 1511 1743 per
1524 1714 1682 1736 excessum
1697 1715 1785 1736 novae
1800 1706 1938 1738 celerita-

1111 1752 1156 1779 us
1165 1755 1255 1784 super
1268 1745 1415 1784 primam,⁷
1432 1745 1671 1778 communicatio
1691 1747 1779 1778 istius
1799 1758 1939 1779 excesus

1110 1787 1273 1820 celeritatis
1286 1787 1326 1821 ad
1340 1797 1447 1818 omnes
1460 1794 1562 1827 partes
1575 1789 1607 1818 in
1622 1799 1699 1820 nave
1712 1790 1824 1830 positas
1845 1797 1882 1820 ut
1903 1797 1936 1822 et

1111 1838 1190 1859 nova
1205 1829 1388 1867 compressio
1399 1830 1622 1867 ‚particularum
1634 1831 1887 1862 determinabitur
1901 1840 1938 1864 ut

1109 1870 1143 1899 in
1167 1870 1350 1909 praecedenti
1375 1870 1580 1908 problemate,
1610 1873 1740 1904 mutatis
1770 1874 1933 1912 :elei-itate,

1109 1912 1269 1943 intervallo
1280 1912 1499 1951 particularum
1509 1913 1613 1950 medii,
1625 1921 1657 1945 et
1666 1915 1734 1956 ejus
1741 1916 1936 1956 elasticitate3
1974 1945 1977 1954 ,

1108 1954 1134 1985 si
1149 1964 1223 1996 ergo
1237 1955 1336 1993 prima
1349 1955 1486 1986 celeritas
1501 1956 1596 1987 fuerit
1609 1963 1645 1987 ut
1659 1958 1807 1996 priusm;
1822 1969 1843 1989 a
1855 1965 1937 1990 tem-

1108 2006 1166 2035 pus
1186 2007 1249 2039 quo
1269 1996 1463 2027 intervallum
1478 1998 1697 2036 particularum
1714 2000 1744 2030 A
1764 2000 1792 2031 B
1807 2000 1844 2031 ea
1857 2002 1937 2033 cele-

1109 2039 1197 2071 ritate
1219 2040 1459 2077 percurrebatur.
1483 2038 1615 2080 ideoque
1636 2041 1676 2072 sit
1699 2042 1730 2072 A
1753 2042 1782 2073 B
1796 2055 1843 2072 =
1858 2053 1891 2074 m
1904 2055 1934 2082 a,

1109 2081 1149 2113 sit
1163 2087 1198 2111 ut
1212 2081 1296 2120 prius
1310 2091 1325 2110 s
1339 2081 1480 2114 velocitas
1500 2083 1603 2123 genita
1617 2089 1755 2124 tempore
1769 2095 1788 2115 a
1802 2095 1858 2124 per
1871 2086 1936 2117 vim

1109 2123 1264 2157 elasticam
1284 2122 1378 2155 medii
1393 2123 1426 2153 in
1440 2130 1520 2154 statu
1542 2125 1673 2156 naturali
1698 2125 1882 2159 considerati
1904 2136 1936 2160 et

1110 2165 1303 2197 uniformiter
1323 2166 1452 2206 agentis,
1475 2165 1634 2197 inventum
1649 2173 1695 2199 est
1708 2169 1791 2209 quod
1813 2175 1936 2211 tempus

1110 2217 1173 2248 quo
1194 2214 1343 2246 punctum
1362 2208 1390 2239 B
1405 2208 1589 2240 celeritatem
1602 2220 1636 2240 m
1650 2211 1850 2252 acquisiverat
1871 2220 1936 2245 erat

1213 2252 1287 2281 &57
1302 2259 1335 2280 m

1111 2286 1130 2316 a
1151 2278 1194 2317 ν

1268 2313 1284 2333 S

1108 2382 1127 2403 a
1141 2377 1258 2412 puncto
1275 2371 1305 2402 A
1320 2370 1505 2410 descriptum
1520 2378 1584 2404 erat
1604 2383 1637 2404 m
1651 2383 1670 2404 a
1691 2374 1734 2415 4!

1354 2276 1399 2317 (ιι.
1422 2275 1482 2316 10.)
1494 2276 1579 2317 quoa
1593 2278 1727 2317 spatium
1743 2279 1773 2310 A
1786 2289 1806 2310 a
1818 2278 1935 2312 interea

1753 2350 1830 2380 &57
1845 2358 1879 2379 m
1901 2381 1933 2407 et

1807 2411 1824 2432 a

1675 2444 1751 2524 3⁸⁵:
1765 2452 1810 2506 m,
1832 2468 1876 2500 ita
1895 2474 1933 2501 ιιι

1109 2533 1290 2573 compressio
1300 2533 1519 2571 particularum
1529 2534 1569 2566 sit
1579 2535 1610 2566 A
1619 2545 1689 2566 8-
1697 2535 1725 2566 Β
1735 2537 1887 2567 b=.572
1897 2539 1935 2574 Χ

1251 2579 1323 2606 3.57
1339 2585 1373 2604 ιιι
1407 2600 1415 2607 .
1461 2599 1472 2610 ,
1677 2602 1685 2610 .
1886 2601 1895 2610 .

1107 2610 1140 2630 ιιι
1155 2610 1173 2631 a
1189 2603 1232 2642 ν
1247 2618 1382 2657 --·--,
1404 2600 1536 2642 ideoque
1546 2611 1661 2632 novum
1675 2602 1871 2634 intervallum
1885 2612 1934 2633 ma

1108 2673 1153 2699 ter
1160 2669 1323 2709 particulas
1331 2670 1362 2700 in
1372 2679 1448 2700 nave
1456 2668 1569 2708 positas
1577 2670 1634 2701 erit
1642 2680 1674 2700 m
1683 2676 1736 2708 ιχ
1743 2672 1756 2713 (
1763 2674 1930 2709 1-..572x

1108 2738 1150 2777 V
1169 2716 1245 2743 357
1261 2722 1291 2741 m

1223 2773 1239 2793 s

1106 2804 1261 2836 elasticam
1281 2814 1392 2836 novam
1413 2804 1531 2836 invene
1552 2811 1588 2835 ut
1609 2807 1743 2846 partium
1758 2805 1929 2846 intervalla,

1105 2872 1168 2904 sive
1187 2879 1224 2904 ut
1244 2877 1358 2912 ma><
1378 2875 1618 2916 (1—..5724l
1636 2851 1928 2923 3'57m)adma,

1690 2909 1705 2929 S

1482 2944 1604 2972 ³‘⁵⁷¹¹'
1624 2969 1663 3000 aa
1682 2973 1708 3001 1.
1751 2970 1806 3008 Et,
1827 2970 1854 3001 si
1874 2980 1928 3001 ex.

1109 2466 1241 2507 spatium
1265 2465 1294 2497 B
1315 2467 1336 2497 b
1356 2471 1421 2497 erat
1436 2468 1512 2497 .428
1533 2475 1566 2496 ιιι
1580 2477 1599 2497 a
1614 2468 1657 2508 γ

1295 2723 1337 2785 >ς
1353 2742 1398 2768 est
1411 2742 1514 2767 autem
1525 2736 1570 2766 vis
1583 2737 1706 2770 elastica
1718 2739 1802 2779 prior
1814 2731 1859 2771 ad*
1867 2738 1932 2773 vim

1105 2968 1168 3000 sive
1183 2975 1219 3000 ut
1236 2973 1250 3001 t
1267 2986 1310 2995 —
1323 2970 1399 3001 .572
1421 2969 1463 3007 4!
1540 3006 1555 3024 S

1108 3047 1210 3068 cessus
1225 3046 1314 3067 novae
1328 3035 1495 3067 velocitatis
1509 3047 1602 3076 super
1616 3037 1747 3077 priorem
1762 3037 1880 3069 dicatur
1893 3047 1926 3075 n,

1109 3086 1231 3119 tempus
1251 3089 1313 3120 quo
1334 3087 1447 3109 novum
1472 3079 1663 3110 intervallum
1693 3080 1772 3111 inter
1795 3080 1927 3120 particu-

1110 3120 1156 3152 las
1175 3122 1395 3154 describeretur
1419 3130 1472 3160 per
1497 3123 1578 3153 hanc
1603 3122 1786 3154 celeritatem
1811 3131 1843 3159 n,
1872 3122 1928 3153 en't

1597 275 1738 327 [Mor.
1761 275 1955 320 Conmn.

2034 435 2064 461 *N
