2066 3548
253 283 335 322 314
676 277 1128 320 PHILOSOPHIAE
1157 276 1517 320 NATURALIS
1593 276 1736 329 [Mor.
1761 276 1941 319 conpos

255 392 391 448 quoad
430 391 673 434 densitatem
703 407 832 443 suam,
877 406 1011 449 neque
1040 391 1178 449 quoad
1204 392 1289 434 vim
1316 391 1482 433 insitam
1516 398 1588 433 aut
1621 390 1803 448 figuram.
1837 403 1955 431 suam

252 471 447 513 mutatur,
470 463 699 504 movebitur
725 462 870 504 eadem
889 462 980 520 lege
999 477 1047 504 ac
1066 462 1204 518 prius:
1236 470 1278 504 et
1296 469 1453 512 contra,
1485 461 1520 503 si
1538 461 1704 502 vorticis
1728 475 1824 515 pars
1854 455 1953 501 con-

253 535 388 592 gelata
407 542 448 576 et
466 535 599 576 solida
618 534 802 590 ejusdem
823 534 875 576 sit
893 534 1105 576 densitatis
1134 547 1230 574 cum
1259 533 1419 589 reliquo
1447 532 1616 582 vortice,
1653 539 1695 573 et
1722 530 1952 572 resolvatur

253 607 296 648 in
316 607 502 658 fluidum,
532 607 764 648 movebitur
783 606 873 648 haec
892 605 1036 648 eadem
1055 606 1147 662 lege
1167 620 1214 647 ac
1232 606 1361 660 priua,
1392 605 1471 646 nisi
1490 603 1691 661 quatenus
1710 603 1839 659 ipsius
1857 617 1953 659 par-

253 677 392 718 ticulae
419 678 507 732 jam
539 677 679 718 fluidae
711 676 831 718 factae
863 684 1107 718 moveantur
1139 676 1247 716 inter
1281 690 1336 717 se.
1396 675 1644 732 Negligatur
1672 673 1799 730 igitur
1815 663 1952 715 motus

252 750 546 804 particularum
566 751 671 792 inter
691 766 747 801 se,
783 758 980 805 tanquam
1000 748 1054 790 ad
1073 749 1197 790 totius
1216 756 1377 789 motum
1410 746 1716 803 progressivum
1745 732 1805 786 nil
1834 758 1952 800 spec-

253 827 358 871 tans,
395 828 437 862 et
464 829 599 862 motus
628 821 754 862 totius
783 820 893 862 idem
913 820 991 861 erit
1010 835 1058 861 ac
1076 819 1205 875 prius.
1265 818 1413 861 Motus
1438 824 1577 860 autem
1607 817 1718 858 idem
1752 816 1830 859 erit
1858 824 1954 858 cum

253 898 370 933 motu
398 891 571 932 aliarum
598 891 764 933 vorticis
797 891 977 946 partium
996 905 1021 932 a
1039 898 1182 932 centro
1210 889 1423 945 aequaliter
1451 888 1702 938 distantium,
1733 895 1954 942 propterea

254 962 367 1017 quod
386 962 562 1003 solidum
581 962 624 1002 in
643 961 817 1002 fluidum
836 961 1061 1002 resolutum
1081 961 1129 1002 fit
1146 975 1243 1016 pars
1262 960 1428 1001 vorticis
1458 958 1618 1000 caeteris
1646 958 1833 1013 partibus
1854 973 1953 999 con-

253 1032 409 1075 similis.
470 1031 585 1090 Ergo
620 1032 810 1083 solidum,
847 1032 879 1072 si
912 1032 964 1073 sit
998 1031 1180 1087 ejusdem
1209 1030 1420 1072 densitatis
1450 1044 1544 1071 cum
1572 1028 1743 1070 materia
1771 1022 1952 1079 vorticis,

253 1103 399 1146 eodem
419 1110 534 1144 motu
554 1117 648 1144 cum
667 1103 794 1158 ipsius
813 1103 1000 1158 partibus
1018 1101 1262 1152 movebitur,
1285 1101 1329 1142 in
1349 1099 1518 1142 materia
1538 1098 1729 1155 proxime
1749 1099 1955 1141 ambiente

253 1173 421 1215 relative
454 1174 680 1230 quiescens.
742 1173 816 1216 Sin
850 1173 1015 1215 densius
1035 1173 1098 1224 sit,
1133 1173 1184 1229 (¹²)
1201 1174 1289 1228 jam
1315 1172 1448 1229 magis
1473 1171 1690 1213 conabitur
1709 1170 1903 1212 recedere
1930 1186 1956 1212 a

253 1254 402 1299 centro,
415 1246 579 1287 vorticis
599 1244 722 1302 quam
741 1245 856 1300 prius
867 1261 879 1295 3
899 1245 1076 1300 ideoque
1096 1244 1261 1286 vorticis
1282 1243 1365 1285 vim
1383 1243 1510 1293 illam,
1527 1241 1607 1299 quii
1623 1241 1799 1297 priusin
1818 1241 1953 1283 orbita

254 1316 326 1358 sua
347 1325 542 1372 tanquam
562 1316 606 1357 in
626 1316 856 1373 aequilibrio
875 1316 1142 1358 constitutum
1161 1315 1426 1365 retinebatur,
1441 1314 1529 1369 jam
1549 1327 1760 1368 superanS,
1791 1313 1956 1355 recedet

253 1405 278 1431 a
298 1398 439 1431 centro
459 1397 500 1431 et
518 1388 766 1431 revolvendo
785 1389 990 1432 describet
1009 1387 1215 1444 spiralem,
1245 1403 1331 1431 non
1350 1382 1526 1444 amplius
1546 1387 1591 1429 in
1610 1386 1790 1430 eundem
1808 1386 1954 1428 orbem
2000 1416 2004 1424 <

1121 1516 1155 1547 in
1170 1527 1233 1560 quo
1243 1517 1376 1558 planeta,
1388 1515 1460 1548 cnm
1473 1515 1596 1547 densior
1605 1520 1661 1553 est,
1672 1513 1837 1551 descendit,
1849 1519 1880 1545 et
1889 1507 1944 1544 ubi

1107 1562 1219 1596 ¹rarior
1247 1565 1302 1596 est,
1326 1558 1473 1595 ascendit,
1500 1557 1549 1589 vel
1571 1568 1664 1600 grave
1684 1563 1730 1588 est
1749 1557 1783 1586 in
1803 1563 1945 1588 centrum

1121 1602 1246 1636 vorticis
1259 1602 1309 1632 vel
1323 1611 1397 1632 non.
1445 1600 1477 1631 Si
1493 1611 1585 1642 grave
1606 1610 1670 1630 non
1694 1599 1743 1637 sit,
1769 1599 1892 1639 planeta
1911 1597 1946 1628 in

253 1516 421 1558 composita
437 1527 475 1548 ex
489 1517 608 1549 ratione
621 1528 751 1548 summae
764 1517 877 1548 virIum
892 1517 1080 1559 centrifuga-

253 1571 325 1591 rum
348 1561 470 1591 orbium
494 1561 635 1591 omnium
664 1561 845 1591 inferiorum
873 1561 912 1590 ad
941 1567 1081 1590 centrum

253 1602 353 1644 usque
377 1603 508 1640 vorticis,
530 1613 568 1632 ex
593 1602 711 1634 ratione
730 1596 898 1633 velocitatis
917 1601 981 1643 qua
995 1604 1082 1632 orbes

254 1645 393 1686 contigui
415 1647 454 1676 ab
479 1645 609 1676 invicem
633 1651 819 1684 separantur,
847 1651 879 1676 et
903 1655 941 1675 ex
965 1644 1083 1675 ratione

254 1688 407 1719 distantiae
431 1687 552 1718 orbium
575 1688 700 1718 illorum
724 1699 743 1718 a
765 1695 889 1726 centro;
919 1685 1004 1718 unde
1028 1696 1084 1726 per

254 1731 403 1771 analysim
419 1730 542 1761 deducit
556 1737 693 1770 tempora
707 1729 859 1770 periodica
869 1730 1003 1769 partium
1014 1739 1081 1759 vor-

254 1773 324 1804 ticis
337 1773 476 1812 sphaerici
489 1772 673 1814 homogenei
687 1783 752 1803 esse
761 1773 795 1802 in
809 1772 926 1803 ratione
940 1771 1079 1802 radicum

254 1816 432 1846 cubicarum
446 1815 603 1856 dignitatis
617 1815 732 1855 quintae
743 1814 956 1846 distantiarum
970 1824 990 1844 a
1007 1823 1079 1844 cen-

254 1863 323 1895 tro;
346 1867 453 1889 earum
473 1856 545 1887 ver&
565 1857 749 1888 celeritatem
763 1858 821 1886 sub
842 1862 995 1896 aequatore
1016 1866 1080 1885 esse

254 1899 408 1938 reciproce
422 1899 456 1929 in
469 1899 586 1930 ratione
605 1899 715 1929 radicis
736 1898 851 1929 cubicae
865 1897 1004 1938 quadrati
1018 1896 1080 1927 dis-

255 1939 421 1972 tantiar‘um
435 1951 454 1972 a
467 1947 581 1972 centro.
629 1940 662 1971 Si
676 1940 709 1970 in
722 1940 884 1981 hypothesi
907 1938 1080 1970 Bemoullii

255 1983 431 2025 negligatur
453 1983 499 2013 vis
522 1982 622 2018 vectis,
646 1983 754 2013 eodem
780 1982 900 2013 calculo
920 1992 983 2022 qno
1005 1991 1080 2012 usus

256 2032 311 2063 est,
326 2032 463 2065 tempora
476 2025 628 2064 periodica
636 2024 836 2055 inveniuntur
845 2023 1081 2063 proportionalia

255 2068 531 2100 radicibus-cubicis
540 2067 696 2108 dignitatis
705 2074 824 2108 quartae
838 2066 1052 2097 distantiarum
1063 2076 1082 2096 a

257 2117 381 2148 centr03
397 2110 422 2140 si
433 2108 504 2140 verb
514 2119 723 2149 supponamus
734 2109 946 2148 impressiones
959 2108 1081 2139 orbium

257 2153 291 2183 in
307 2163 339 2184 se
353 2152 463 2183 mutus)
477 2152 580 2189 factae,
603 2162 668 2182 esse
681 2153 714 2182 in
727 2152 845 2182 ratione
862 2148 1030 2190 composita
1043 2159 1081 2180 ex

256 2195 380 2226 rationev
388 2194 589 2235 messianum,
603 2195 721 2225 ratione
734 2193 930 2225 velocitatum
943 2193 1083 2223 relativa-

256 2247 329 2268 rum
343 2243 374 2268 et
387 2237 503 2268 ratione
516 2236 755 2276 superficierum,
779 2242 916 2275 tempora
929 2234 1083 2275 periodica

261 2280 483 2312 Bemoulliano
504 2278 622 2311 calculo
642 2279 841 2318 inveniuntur
854 2277 1007 2318 quadratis
1021 2277 1082 2307 dis-

258 2323 423 2354 tantiarum
436 2321 679 2362 proportionalia,
690 2322 739 2352 uti«
749 2321 920 2352 Newtonus
931 2330 984 2360 per
994 2329 1083 2350 suam

258 2364 450 2405 hypothesim
472 2365 648 2401 invenerat;
674 2370 706 2394 et
719 2363 832 2394 sicum
855 2363 903 2394 his
923 2363 1019 2393 tribus
1033 2372 1081 2393 ra-

258 2406 394 2439 tionibus
414 2412 614 2445 componatur
634 2407 712 2437 ratio
726 2405 876 2436 distantiae
887 2416 907 2436 a
920 2410 1024 2435 centro
1045 2410 1082 2435 ut

259 2450 306 2480 vis
325 2449 419 2480 vectis
439 2449 635 2488 exprimatur,
661 2455 798 2488 tempora
822 2447 975 2487 periodica
995 2456 1080 2486 repe-

260 2492 383 2523 riuntur
404 2491 641 2531 proportionalia
653 2490 805 2521 radicibus
818 2490 933 2521 cubicis
947 2489 1078 2530 dignita-

259 2535 300 2565 tis
321 2534 458 2574 septimae
485 2533 698 2564 distantiarum
721 2543 741 2564 a
760 2539 874 2564 centro.
922 2532 987 2564 Hae
1010 2530 1082 2562 vero

261 2576 411 2618 analogiae
436 2585 543 2607 omnes
556 2586 575 2606 a
588 2575 697 2616 regula
722 2575 775 2605 illa
802 2573 1000 2615 Keplerianii,
1020 2572 1084 2614 quii

261 2625 405 2659 tempora
413 2617 567 2660 periodIca
580 2623 757 2650 statuuntur
770 2627 835 2650 esse
849 2618 882 2648 in
896 2617 1011 2648 ratione
1020 2626 1081 2647 ses-

261 2661 428 2702 quiplicata
448 2660 671 2698 distantiarum,
700 2659 894 2690 dissentiunt.
943 2659 989 2690 Ut
1009 2656 1081 2699 erg&

261 2703 384 2735 vorticis
398 2702 535 2743 sphaerici
545 2703 628 2744 leges
641 2712 715 2733 cum
732 2701 859 2741 Kepleri
874 2701 995 2733 sancitis
1008 2711 1082 2732 con-

261 2746 345 2777 ciliet
367 2744 575 2783 Bernoullius,
599 2745 744 2784 supponit
764 2743 945 2776 densitatem
965 2743 1084 2774 vorticis

261 2798 327 2819 esse
341 2788 373 2818 in
387 2788 504 2819 ratione
518 2787 617 2818 subdu
642 2786 732 2818 licata
745 2786 897 2818 distantiae
918 2791 1023 2817 centro
1035 2795 1083 2815 re-

262 2829 390 2870 prroce,
414 2830 551 2869 planetas
565 2840 636 2860 vero
650 2839 714 2861 non
728 2839 791 2860 esse
805 2828 942 2870 ejusdem
962 2838 1084 2868 prorsus

262 2872 421 2903 densitatis
434 2882 506 2903 cum
521 2872 623 2903 medio
638 2872 734 2902 fluido
747 2872 780 2902 in
795 2882 856 2912 quo
870 2870 1006 2911 primum
1021 2870 1085 2901 col-

262 2913 353 2945 locati
359 2921 440 2951 sunt,
449 2913 579 2955 ide6quc
588 2916 627 2946 ob
635 2915 782 2956 majorem
786 2914 834 2944 vel
842 2913 992 2944 minorem
1001 2922 1087 2943 suam

262 2955 444 2988 densitatem
457 2958 489 2988 in
504 2967 541 2987 eo
555 2957 656 2987 medio
670 2956 836 2988 successive
857 2955 1038 2987 descendere
1055 2960 1086 2985 et

262 2999 435 3037 ascendere,
467 2998 660 3030 intereadiim
691 2998 830 3030 circulari
858 3005 945 3029 motu
967 2996 1087 3029 vorticis

262 3040 463 3080 abripiuntur,
487 3051 523 3072 ex
539 3042 649 3081 quibus
662 3041 796 3072 motibus
810 3041 903 3072 simul
916 3038 1089 3079 compositis

263 3088 434 3114 nascuntur
474 3083 616 3122 ellipticae
643 3083 835 3123 planetarum
860 3082 1036 3124 trajectoriae
1058 3087 1089 3111 et

263 3125 457 3166 apheliorum
481 3126 639 3157 lentissimi
651 3132 762 3158 motus.
789 3125 851 3158 Sed
861 3126 999 3157 medium
1009 3124 1088 3156 illud

1119 1645 1223 1678 medio
1237 1644 1347 1675 rariori
1360 1643 1486 1683 positus,
1503 1643 1674 1683 eodemque
1687 1651 1759 1673 cum
1774 1640 1880 1672 medio
1890 1639 1946 1671 illo

1121 1687 1289 1730 gyrationis
1303 1694 1390 1717 motu
1405 1691 1500 1723 actus,
1516 1685 1623 1726 majori
1640 1683 1668 1714 vi
1689 1695 1709 1715 a
1732 1690 1839 1714 centro
1861 1693 1945 1714 rece-

1125 1733 1198 1762 dere
1212 1735 1244 1760 et
1257 1739 1271 1758 s
1293 1728 1398 1758 iralem
1413 1728 1615 1769 trajectoriam
1629 1725 1827 1757 describendo
1839 1725 1875 1756 in
1896 1725 1946 1756 in·

1126 1773 1252 1804 finitum
1266 1739 1349 1802 azire
1363 1770 1452 1801 debet
1460 1782 1470 1807 ;
1487 1776 1518 1800 et
1531 1768 1647 1806 contra,
1662 1769 1786 1808 planeta
1798 1768 1832 1798 in
1842 1764 1946 1799 medio

1126 1813 1259 1846 densiori
1283 1812 1418 1852 primum
1439 1811 1613 1848 collocatus,
1643 1812 1683 1842 ad
1712 1817 1852 1841 centrum
1890 1818 1947 1849 par

1126 1855 1268 1895 spiralem
1282 1855 1396 1884 lineam
1410 1852 1559 1893 perpetuo
1573 1853 1737 1888 accederet.
1753 1851 1837 1892 quod
1850 1851 1946 1882 medii

1125 1897 1274 1929 densioris
1286 1896 1385 1936 major
1399 1904 1463 1926 esse
1477 1893 1585 1926 debeat
1598 1895 1643 1925 vis
1657 1895 1829 1935 centrifuga
1852 1893 1944 1935 quam

1125 1940 1257 1980 planetae
1271 1937 1399 1971 rarioris.
1446 1937 1478 1968 Si
1491 1936 1631 1968 medIum
1652 1947 1744 1976 grave
1765 1938 1804 1967 sit
1827 1936 1860 1966 in
1873 1945 1946 1966 cer)-

1120 1987 1204 2017 trum
1219 1979 1349 2017 vorticis,
1370 1979 1527 2019 ipsiusque
1541 1979 1684 2015 densitas,
1706 1977 1952 2008 decrescentibus

1121 2022 1272 2053 distantiis
1286 2032 1304 2052 a
1318 2028 1433 2059 centro,
1448 2027 1570 2057 crescat,
1587 2019 1715 2051 coelestis
1728 2018 1863 2050 materiae
1872 2018 1948 2050 den-

1122 2064 1204 2102 sitas,
1227 2065 1268 2095 ob
1281 2073 1406 2103 parvam
1420 2063 1588 2094 orbitarum
1601 2073 1677 2104 quas
1691 2062 1821 2102 planetu
1834 2061 1950 2092 descri-

1121 2108 1209 2144 bunt,
1246 2106 1514 2143 excentricitatem,
1551 2105 1676 2146 aequalis
1703 2104 1818 2136 assumi
1845 2108 1950 2144 potest

1122 2149 1265 2180 densitati
1288 2148 1438 2189 cujusque
1462 2148 1595 2188 planetae
1616 2147 1690 2178 huic
1710 2147 1846 2177 materia
1858 2145 1949 2177 inna-

1124 2191 1235 2230 tantis3
1260 2196 1352 2232 atque
1371 2190 1449 2222 adef>
1463 2190 1597 2221 densitas
1611 2189 1739 2220 coelestis
1751 2187 1887 2220 materiae
1906 2187 1948 2221 ad

1124 2233 1299 2264 distantiam
1316 2233 1439 2264 Saturni
1453 2232 1579 2274 aequalis
1592 2232 1651 2263 erit
1660 2231 1802 2262 densitati
1813 2229 1947 2268 Saturni,

1123 2275 1166 2307 ad
1188 2275 1363 2307 distantiam
1382 2275 1480 2312 sevis,
1506 2275 1627 2313 Martis,
1654 2275 1711 2305 &a
1743 2272 1870 2315 aequalis
1890 2272 1949 2305 erit

1124 2318 1266 2349 densitati
1281 2319 1390 2348 horum
1406 2317 1608 2357 planetarum,
1630 2323 1662 2348 et
1675 2326 1782 2347 omnes
1795 2315 1858 2346 illae
1871 2314 1947 2347 den-

1124 2360 1226 2392 sitates
1254 2365 1344 2391 erunt
1367 2359 1447 2390 inter
1471 2370 1504 2390 se
1527 2359 1562 2391 in
1589 2359 1706 2390 ratione
1734 2356 1948 2398 subduplicnta

1122 2402 1336 2434 distantiarum
1344 2413 1364 2432 a
1376 2402 1448 2433 Sole
1457 2401 1618 2441 reciproce.
1657 2401 1690 2432 Si
1699 2401 1801 2442 itaque
1813 2398 1948 2433 Telluris

1122 2445 1255 2476 densitas
1275 2444 1437 2475 mediocris
1457 2451 1648 2484 supponatur
1667 2443 1793 2484 aequalis
1805 2441 1946 2473 densitati

1123 2498 1220 2528 aquae,
1245 2486 1370 2518 materia
1385 2486 1513 2518 coelestis
1526 2487 1606 2518 inter
1623 2485 1726 2517 Solem
1739 2491 1771 2516 et
1787 2483 1948 2516 Tellurem

1123 2531 1289 2561 constituta
1309 2527 1390 2570 aqua
1411 2528 1532 2560 densior
1553 2529 1610 2561 erit
1623 2534 1654 2560 et
1667 2536 1829 2567 corporum
1847 2525 1945 2558 motui

1124 2571 1259 2603 maxime
1278 2571 1404 2602 resistet.
1453 2571 1513 2602 Sed
1534 2578 1570 2602 ut
1591 2581 1630 2602 ex
1650 2575 1839 2601 cometarum
1854 2568 1947 2600 moti-

1124 2616 1193 2652 bus,
1223 2614 1349 2655 aliisque
1377 2613 1637 2644 observationibus
1664 2617 1791 2650 constat,
1819 2610 1948 2642 materia

1123 2657 1253 2688 coelestis
1262 2657 1341 2687 inter
1354 2656 1455 2687 Solem
1467 2664 1499 2687 et
1509 2656 1666 2687 Tellurem
1677 2654 1776 2685 motui
1784 2662 1947 2694 corporum

1124 2698 1254 2730 minime
1266 2699 1387 2730 resistit.
1434 2698 1519 2729 Nam
1540 2704 1728 2729 cometarum
1749 2702 1854 2728 motus
1874 2700 1948 2727 sunt

1125 2741 1246 2772 summe
1260 2740 1424 2783 regulares,
1445 2746 1478 2772 et
1491 2740 1612 2772 easdem
1626 2739 1710 2780 leges
1723 2749 1796 2770 cum
1809 2738 1947 2778 planeta-

1125 2794 1196 2815 rum
1210 2784 1344 2815 motibus
1356 2784 1524 2820 observant,
1541 2789 1572 2814 et
1585 2782 1617 2812 in
1631 2791 1739 2813 omnes
1752 2781 1820 2813 coeli
1841 2780 1949 2854 plffi

1126 2827 1279 2858 liberrime
1299 2825 1451 2863 feruntur,
1473 2831 1564 2866 atque
1584 2824 1624 2855 ad
1648 2824 1752 2856 Solem
1773 2833 1871 2866 usqua
1919 2855 1922 2858 ,

1127 2874 1288 2909 penetrant
1302 2868 1367 2900 sine
1380 2867 1556 2900 resistentis.

1172 2911 1219 2953 (¹¹)
1237 2914 1253 2931 ⁸*
1270 2913 1343 2944 Jam
1357 2912 1453 2951 mgis
1466 2911 1634 2941 conabitur.
1680 2908 1764 2940 Nam
1779 2908 1823 2939 vis
1836 2906 1949 2939 centri.

1126 2953 1202 2994 fuga
1215 2954 1337 2990 motrix‚
1353 2953 1467 2984 caeteris
1480 2953 1614 2992 paribuS,
1630 2958 1762 2992 augetur
1775 2950 1821 2982 vel
1833 2949 1948 2980 minui-

1127 2995 1225 3027 turin
1239 2996 1356 3026 ratione
1377 2994 1553 3035 quantitatis
1572 2996 1707 3026 materiae
1731 2995 1800 3035 (per
1823 2992 1896 3024 Def.
1914 2993 1944 3022 8.

1131 3038 1200 3070 Lib.
1219 3038 1264 3079 1.)
1280 3044 1310 3069 et
1323 3037 1456 3068 materia
1470 3036 1633 3078 quantitas,
1657 3036 1729 3067 dato
1748 3036 1882 3076 corporis
1893 3043 1948 3064 vo-

1131 3080 1258 3119 lumine,
1282 3086 1412 3120 augetur
1424 3079 1473 3111 vel
1487 3079 1637 3111 minuitur
1656 3078 1691 3109 in
1711 3077 1828 3110 ratione
1847 3075 1948 3108 densi-

1130 3123 1200 3155 mis
1216 3126 1259 3166 (2,
1275 3122 1344 3156 Lib.
1365 3121 1413 3164 1.)
