2066 3548
514 565 782 638 INDEX
818 588 1476 646 PROPOSITIONUM

743 734 915 779 LIBRI
949 738 1234 783 SECUNDI.

309 975 448 1008 PROP.
477 977 505 1008 Ι.
553 977 735 1010 THEoR.
761 978 791 1010 1.

141 1029 292 1069 Corporis,
308 1031 358 1062 cui
374 1032 522 1063 resistitur
532 1033 564 1063 in
574 1034 692 1064 ratione
702 1034 879 1073 velocitatis,

179 1078 283 1103 motus
297 1083 333 1103 ex
349 1073 520 1107 resistentia
533 1077 672 1114 amissus,
696 1084 742 1107 est
761 1084 797 1108 ut
810 1088 879 1117 spa-

178 1115 258 1145 tium
272 1116 427 1147 movendo
448 1118 623 1149 confectum
626 1141 876 1152 ..................

294 1185 432 1218 PROP.
454 1188 503 1218 11.
551 1188 733 1220 THEOR.
752 1190 802 1221 11.

137 1241 170 1272 Si
184 1242 301 1280 corpori
316 1242 465 1273 resistitur
478 1243 512 1273 in
527 1244 644 1275 ratione
654 1245 830 1283 velocitatis,
846 1253 878 1278 et

177 1283 261 1314 idem
283 1284 348 1315 solii
364 1285 393 1314 vi
408 1285 500 1316 insitii
514 1297 569 1325 per
582 1287 720 1318 medium
742 1288 876 1320 similare

176 1334 343 1362 moveatur,
351 1335 623 1360 sumantur-autem
631 1337 876 1372 temporaaequa-

175 1368 234 1398 lia:
261 1369 434 1399 velocitates
455 1371 486 1400 in
510 1372 667 1411 principiis
681 1373 876 1413 singulorum

174 1417 349 1450 temporum
371 1417 445 1443 sunt
466 1413 498 1443 in
519 1416 730 1455 progressione
750 1426 876 1456 geome-

174 1453 260 1487 trica,
289 1461 320 1484 et
343 1455 439 1493 spatia
460 1455 591 1495 singulis
611 1458 800 1497 temporibus
821 1458 873 1489 de-

910 866 1071 879 m

901 954 951 980 hg.

924 1124 962 1152 18

173 1497 285 1535 scripta
305 1503 379 1527 sunt
393 1503 428 1527 ut
442 1498 617 1529 velocitates
619 1522 868 1532 ..................
878 1500 951 1533 ibid.

248 1612 257 1613 ἶ
294 1564 433 1596 PROP.
456 1566 527 1597 ΙΙΙ.
575 1567 748 1599 PROBL.
769 1569 796 1599 Ι.

112 1633 119 1635 *
134 1621 278 1659 Corporis
291 1622 353 1659 cui,
375 1621 453 1653 dum
474 1623 508 1653 in
528 1624 632 1654 medio
653 1625 778 1656 similari
792 1625 875 1657 recti

173 1663 309 1694 ascendit
331 1664 380 1694 vel
405 1665 572 1702 descendit,
598 1668 749 1698 resistitur
771 1668 804 1697 in
825 1679 874 1699 ra-

173 1707 258 1735 tione
286 1706 462 1744 velocitatis
490 1708 635 1749 quodque
662 1711 701 1740 ab
726 1710 874 1741 uniformi

172 1750 322 1788 gravitate
336 1755 474 1793 urgetur,
497 1750 624 1782 definire
637 1759 758 1783 motum
759 1774 869 1785 ........

286 1816 424 1849 PROP.
445 1818 508 1850 IV.
529 1849 532 1852 ,
557 1819 729 1851 PROBL.
753 1820 802 1852 11.

133 1873 242 1904 Posito
262 1874 346 1914 quod
367 1875 413 1905 vis
433 1875 590 1915 gravitatis
604 1875 638 1905 in
651 1876 755 1907 medio
768 1876 873 1917 aliquo

173 1916 299 1946 similari
314 1916 478 1947 uniformis
491 1918 539 1953 sit,
551 1928 587 1948 ac
595 1918 701 1948 tendat
711 1919 874 1957 perpendi-

172 1958 316 1988 culariter
335 1958 375 1988 ad
389 1959 516 1997 planum
538 1961 722 1998 horizontis3
745 1961 872 1992 definire

171 2006 294 2030 motum
314 2001 477 2041 projectilis
491 2001 524 2030 in
538 2001 648 2031 eodem
669 2003 871 2033 resistentiam

172 2042 324 2073 velocitati
339 2042 596 2082 proportionalem
617 2044 768 2083 patientis.
773 2066 870 2076 .......

283 2111 421 2143 PROP.
443 2112 482 2142 V.
531 2113 710 2144 THEOR.
732 2113 803 2145 111.

134 2167 166 2199 Si
189 2168 308 2207 corpori
334 2168 484 2199 resistitur
508 2169 542 2199 in
567 2169 734 2200 velocitatis
754 2170 872 2201 ratione

172 2210 339 2249 duplicata,
357 2205 392 2241 'et
407 2211 489 2241 idem
511 2211 574 2242 sola
590 2213 619 2241 vi
631 2213 723 2243 insita
737 2223 792 2252 per
805 2223 870 2243 me-

171 2252 259 2283 dium
285 2253 417 2284 similare
438 2260 616 2294 moveatur;
640 2262 777 2294 tempora
797 2254 870 2286 vero

171 2303 334 2326 sumantur
358 2295 391 2325 in
416 2297 625 2337 progressione
646 2298 831 2337 geometrica
851 2309 871 2329 a

172 2338 341 2368 minoribus
355 2338 492 2369 terminis
505 2339 546 2369 ad
560 2342 689 2380 majores
704 2347 865 2380 pergente:

171 2379 241 2410 dico
262 2380 347 2421 quod
370 2381 545 2412 velocitates
568 2382 656 2412 initio
676 2382 870 2422 singulorum

144 2456 152 2463 ι
171 2428 346 2462 temporum
370 2429 444 2454 sunt
468 2424 502 2454 in
523 2423 631 2455 eadem
660 2426 870 2466 progressione

170 2463 358 2505 geometrica
372 2466 498 2501 inverse,
525 2473 556 2497 et
576 2467 659 2507 quod
681 2468 778 2507 spatia
790 2475 872 2499 ‘sunt

171 2507 310 2547 aequalia,
326 2518 396 2549 quae
411 2507 542 2549 singulis
556 2511 743 2549 temporibus
757 2510 870 2541 deseri.

170 2550 303 2580 buntur..
309 2571 868 2584 ........................................

243 2611 249 2615 ”
269 2622 408 2655 PROP.
430 2623 491 2654 vl.
540 2624 722 2656 THEOR.
740 2625 802 2656 1v.

131 2677 265 2716 Corpora
272 2677 616 2719 spbaericahomogenea
628 2686 660 2710 et
673 2680 812 2719 aequalia,
820 2690 868 2711 re-

170 2720 314 2751 sistenti'ss
326 2722 360 2750 in
370 2721 528 2760 duplicata
542 2722 659 2752 ratione
673 2723 871 2754 velocitatum

170 2762 319 2801 impedita
338 2769 370 2793 et
392 2764 466 2794 solis
485 2764 601 2794 viribus
621 2764 720 2794 insitis
733 2765 866 2802 incitata,

169 2805 358 2843 temporibus
370 2815 441 2846 quae
455 2812 528 2836 sunt
543 2806 694 2845 reciproce
709 2813 745 2837 ut
759 2808 870 2838 veloci-

168 2852 246 2878 tates
254 2848 312 2877 sub
326 2847 425 2884 initio,
441 2848 618 2879 describunt
633 2859 752 2888 semper
766 2860 870 2890 aequa-

169 2889 211 2919 lia
224 2889 332 2928 spatia,
355 2897 386 2920 et
398 2891 544 2922 amittunt
557 2898 659 2930 partes
673 2892 870 2922 velocitatum

167 2931 409 2970 proportionales
417 2935 489 2964 totis
490 2955 867 2966 ...........................

277 3003 417 3034 PROP.
437 3004 520 3036 vu.
567 3006 747 3037 THEOR..
765 3007 806 3037 V.

127 3059 264 3099 Corpora
274 3061 422 3099 sphaerica
431 3061 543 3101 quibus
557 3063 703 3093 resistitur
717 3063 750 3092 in
764 3063 867 3102 dupli-

166 3101 235 3132 cata
246 3102 363 3132 ratione
374 3103 580 3141 velot-hatum,
596 3106 784 3145 temporibus
798 3116 867 3145 quae

166 3151 240 3175 sunt
255 3151 290 3175 ut
304 3151 409 3176 motus
422 3146 514 3186 primi
527 3146 640 3178 directe
651 3155 682 3178 et
690 3147 868 3179 resistentiae

1060 981 1167 1021 primae
1180 983 1308 1023 inverse,
1330 985 1474 1018 mittent
1494 994 1593 1027 partes
1613 995 1756 1021 motuum

1061 1026 1302 1065 proportionales
1323 1029 1402 1065 totis,
1425 1035 1457 1059 et
1471 1031 1567 1069 spatia
1587 1032 1758 1064 describent

1060 1069 1248 1107 temporibus
1273 1070 1338 1101 istis
1358 1078 1390 1101 et
1418 1072 1629 1104 velocitatibus
1651 1075 1760 1115 primis

1059 1111 1248 1150 conjunctim
1266 1114 1503 1152 proportionalia
1506 1135 1754 1149 ..................

1143 1177 1284 1210 PROP.
1303 1180 1406 1212 VIII.
1455 1182 1636 1215 THEOR..
1656 1185 1719 1216 VI.

1021 1233 1053 1264 Si
1067 1243 1177 1274 corpus
1191 1235 1223 1265 in
1234 1236 1340 1267 medio
1353 1238 1509 1276 uniformi,
1525 1240 1672 1280 gravitate
1686 1242 1757 1272 uni-

1058 1276 1197 1308 formiter
1205 1285 1324 1319 agente,
1332 1280 1413 1310 recta
1421 1282 1564 1312 ascendat
1574 1283 1620 1312 vel
1632 1283 1757 1314 descen·

1058 1318 1120 1354 dat.
1142 1326 1174 1350 et
1186 1321 1320 1359 spatium
1335 1328 1436 1352 totum
1449 1323 1636 1363 descriptum
1650 1326 1758 1356 distin-

1057 1369 1172 1401 guatur
1182 1363 1216 1392 in
1225 1370 1324 1402 partes
1335 1365 1476 1405 aequales,
1493 1367 1586 1407 inque
1600 1368 1757 1408 principiis

1057 1404 1250 1444 singularum
1276 1407 1410 1445 partium
1437 1408 1594 1448 (addendo
1614 1411 1755 1441 resisten-

1057 1447 1130 1476 tiam
1144 1448 1237 1477 medii
1249 1448 1287 1478 ad
1298 1449 1358 1478 vim
1373 1450 1539 1490 gravitatis,
1555 1452 1679 1491 quando
1687 1463 1755 1484 cor-

1057 1498 1115 1526 pus
1125 1490 1272 1526 ascendit,
1282 1491 1330 1521 vel
1340 1491 1542 1523 subducendo
1550 1494 1646 1532 ipsam
1656 1506 1755 1535 quau-

1055 1531 1097 1560 do
1110 1541 1221 1570 corpus
1241 1533 1412 1572 descendit)
1436 1536 1657 1576 investigentur
1677 1538 1756 1568 vires

1055 1573 1225 1611 absolutae3
1249 1575 1319 1605 dico
1332 1576 1416 1616 quod
1431 1578 1510 1607 vires
1524 1578 1587 1608 illae
1607 1579 1756 1610 absolutae

1055 1622 1128 1646 sunt
1142 1615 1174 1646 in
1189 1619 1400 1658 progressione
1413 1619 1608 1659 geometrica.
1613 1642 1752 1654 ..........

1115 1695 1119 1698 “
1150 1688 1285 1720 PROP.
1306 1690 1371 1721 IX.
1420 1692 1600 1724 THEOR.
1620 1693 1703 1724 VII.

918 1756 957 1786 15
1015 1744 1126 1774 Positis
1137 1745 1203 1785 jam
1217 1746 1439 1784 demonstratis,
1463 1749 1533 1779 dico
1547 1750 1630 1790 quod
1645 1751 1670 1781 si
1684 1757 1753 1781 tan-

914 2049 952 2077 21

912 2557 953 2586 37

912 2939 955 2966 42

1052 1793 1160 1827 gentes
1184 1789 1372 1829 angulorum
1397 1793 1520 1821 sectoris
1545 1793 1701 1823 circularis
1721 1801 1754 1824 et

1053 1830 1176 1860 sectoris
1194 1832 1380 1870 hyperbolici
1399 1841 1562 1864 sumantur
1586 1835 1754 1866 velocitati-

1053 1872 1111 1901 bus
1125 1873 1376 1911 proportionales,
1397 1875 1548 1906 existente
1563 1878 1650 1907 radio
1658 1879 1753 1918 justae

1053 1914 1293 1953 magnitudinis:
1321 1917 1378 1947 erit
1403 1924 1526 1957 tempus
1540 1929 1632 1949 omne
1646 1930 1752 1950 ascen-

1053 1955 1147 1986 dendi
1170 1957 1210 1987 ad
1231 1957 1335 1988 locum
1357 1970 1517 1990 summum
1531 1967 1568 1992 ut
1581 1969 1680 1992 sector
1693 1962 1753 1992 cir-

1053 1998 1126 2034 culi,
1146 2005 1177 2029 et
1191 2006 1313 2039 tempus
1326 2011 1419 2032 omne
1433 2002 1636 2034 descendendi
1650 2015 1670 2035 a
1683 2005 1753 2036 loco

1052 2050 1175 2070 summo
1189 2047 1224 2071 ut
1238 2049 1335 2072 sector
1348 2044 1530 2083 hyperbolae.
1537 2068 1745 2079 ...............

1169 2109 1305 2141 PROP.
1324 2112 1368 2142 X.
1417 2113 1588 2145 PROBL.
1609 2114 1681 2146 ΙΙΙ.

1013 2163 1135 2195 Tendat
1155 2165 1318 2196 unil'ormis
1340 2168 1384 2198 vis
1405 2170 1561 2209 gravitatis
1574 2169 1690 2202 directe
1711 2171 1751 2202 ad

1052 2206 1179 2245 planum
1202 2208 1378 2247 horizontis,
1401 2212 1500 2252 sitque
1521 2213 1690 2243 resistentia
1711 2214 1753 2244 u(

1051 2249 1145 2279 medii
1167 2249 1300 2281 densitas
1320 2260 1351 2283 et
1372 2254 1555 2293 quadratum
1582 2255 1749 2286 velocitatis

1050 2292 1258 2332 conjunctim:
1288 2295 1454 2334 requiritur
1473 2303 1541 2327 tum
1563 2297 1658 2327 medii
1672 2297 1748 2328 den-

1052 2333 1124 2364 sitas
1145 2334 1176 2364 in
1192 2334 1266 2365 locis
1279 2337 1419 2378 singulis,
1441 2348 1512 2379 quae
1526 2339 1616 2370 faciat
1630 2347 1667 2370 ut
1680 2349 1747 2370 cor-

1050 2386 1109 2415 pus
1122 2376 1156 2406 in
1170 2376 1242 2407 data
1253 2378 1447 2418 quavislinea
1462 2381 1556 2412 curva
1569 2389 1744 2421 moveatur3

1050 2424 1119 2448 tum
1134 2421 1268 2459 corporis
1288 2422 1431 2453 velocitas
1445 2430 1476 2454 et
1489 2423 1584 2454 medii
1606 2425 1748 2454 resisten-

1050 2461 1093 2491 tia
1105 2461 1138 2491 in
1152 2461 1226 2492 locis
1240 2463 1379 2505 singulis.
1386 2486 1746 2499 ..........................

1129 2539 1265 2572 PROP.
1286 2542 1350 2572 XI.
1399 2543 1580 2575 THEOR.
1600 2544 1706 2576 V111.

1011 2594 1044 2626 Si
1055 2596 1172 2635 corpori
1181 2597 1338 2633 resistitur,
1349 2598 1459 2637 partim
1468 2598 1500 2628 in
1511 2599 1628 2629 ratione
1637 2600 1748 2631 veloci-

1050 2638 1130 2675 tatis,
1142 2639 1251 2677 partim
1261 2640 1294 2669 in
1305 2640 1472 2671 velocitatis
1480 2643 1598 2671 ratione
1606 2641 1747 2681 duplica-

1050 2680 1091 2717 ta,
1104 2688 1135 2711 et
1144 2681 1226 2711 idem
1237 2681 1302 2712 sola
1311 2683 1340 2712 vi
1353 2682 1444 2713 insita
1457 2683 1489 2713 in
1503 2683 1607 2714 medio
1621 2685 1748 2715 similari

1050 2730 1209 2755 movetur:
1243 2731 1404 2755 sumantur
1424 2732 1530 2756 autem
1550 2732 1688 2766 tempora
1713 2728 1748 2757 in

1050 2766 1259 2806 progressione
1273 2767 1479 2799 arithmetica:
1497 2769 1684 2809 quantitates
1696 2779 1749 2800 ve-

1049 2807 1222 2838 locitatibus
1235 2808 1388 2848 reciproce
1403 2811 1652 2850 proportionales,
1675 2811 1748 2842 data

1049 2849 1182 2889 quadam
1204 2852 1372 2891 quantitate
1391 2859 1500 2890 auctae,
1526 2859 1617 2884 erunt
1630 2854 1663 2884 in
1676 2864 1747 2894 pro-

1049 2893 1204 2933 gressione
1224 2894 1408 2935 geometrica
1411 2917 1745 2928 ........................

1137 2967 1274 2998 ΡΒΟΡ.
1294 2967 1382 2998 XII.
1430 2969 1612 3000 THEOR.
1634 2970 1699 3001 lx.

1010 3023 1125 3055 Iisdem
1140 3024 1255 3063 positis,
1270 3023 1340 3054 dico
1354 3022 1437 3065 quod
1450 3025 1476 3055 si
1491 3026 1586 3064 spatia
1597 3026 1747 3066 descripta

1049 3073 1211 3097 sumantur
1238 3068 1271 3096 in
1302 3067 1513 3107 progressione
1547 3069 1745 3104 arithmetica,

1049 3109 1223 3138 velocitates
1237 3109 1308 3139 data
1322 3109 1456 3150 quidam
1470 3111 1640 3151 quantitate
1647 3120 1747 3143 auctae

1049 3157 1140 3182 erunt
1153 3151 1186 3181 in
1205 3152 1415 3192 progressione
1435 3152 1621 3194 geometrica
1623 3175 1745 3186 .........

1778 966 1829 993 Rc·

1801 1122 1841 1149 42

1798 1627 1840 1655 19

1789 2051 1832 2080 52

1790 2472 1832 2500 63

1791 3156 1831 3184 96
