2066 3548
238 186 293 221 64-
666 178 1114 222 PHILOSOPHIAE
1145 176 1504 220 NATURALIS
1566 176 1712 229 [Mor.
1731 175 1932 221 Gomon.

235 290 441 347 duplicata
461 292 618 335 ratione
647 293 906 336 altitudinum
939 294 978 336 L
1011 293 1071 343 H,
1110 293 1151 334 N
1180 293 1216 344 I,
1254 306 1354 348 quas
1390 304 1539 345 corpus
1572 289 1825 346 temporibus
1854 289 1934 331 ilhs

234 363 466 406 describere
496 371 647 420 posset,
682 379 708 406 a
726 364 988 422 tangentibus
1017 363 1204 405 cadendo
1215 378 1227 413 3
1259 363 1306 418 (0)
1328 370 1369 403 et
1387 360 1619 403 velocitates
1639 367 1760 402 erunt
1776 367 1823 401 ut
1841 359 1934 401 lon-

229 435 436 492 gitudines
471 436 687 492 descriptae
709 436 751 478 G
769 437 830 488 H,
864 437 913 478 H
934 437 955 479 1
976 435 1130 478 directe
1150 443 1192 477 et
1209 442 1396 490 tempora
1424 430 1597 500 inverse.
1658 431 1926 486 Exponantm

230 515 416 563 tempora
440 522 516 563 per
545 508 586 549 T
605 515 647 549 et
672 515 702 558 t,
736 514 777 549 et
795 522 865 549 ve-

540 580 654 622 GH
755 580 849 622 HI

229 616 414 663 locitates
435 635 513 676 per
575 647 616 688 Τ
683 629 725 664 et
759 630 870 689 Τ
857 653 869 671 ,

247 718 282 770 ⁶)
299 725 340 759 et
352 719 659 761 decrementum
678 720 868 762 velocita-

228 788 279 830 tis
291 796 476 845 tempore
491 798 509 831 t
522 789 674 832 factum
688 806 869 847 expone-

412 857 457 902 G.
477 856 527 899 H
626 859 675 900 H
695 859 717 901 I

229 906 296 940 tur
313 913 389 954 per
424 915 523 967 -T—
546 925 604 933 —
631 918 730 968 --t-.
767 902 867 944 Hoc

228 994 535 1038 decrementum
555 997 685 1039 oritur
704 1013 729 1040 a
747 999 868 1041 resis-

228 1067 355 1110 tentia
377 1083 528 1123 corpus
547 1070 794 1120 retardante,
827 1078 868 1111 et

226 1139 424 1194 gravitate
438 1154 587 1195 corpus
600 1141 864 1182 accelerante.
935 1164 972 1205 p
1403 1171 1451 1213 Α

230 1210 461 1260 Gravitas,
449 1226 492 1252 111
505 1225 679 1266 corpore
695 1211 867 1253 cadente

227 1289 268 1323 et
288 1281 465 1336 spatium
487 1281 530 1323 N
543 1282 565 1323 Ι
586 1281 774 1323 cadendo
794 1282 865 1324 de·

227 1351 443 1403 scribente,
464 1359 636 1408 generat
654 1351 922 1412 velocitatem,
955 1367 1035 1409 qua
1057 1350 1231 1406 duplum
1249 1321 1351 1391 illud
1372 1350 1547 1404 spatium
1567 1349 1713 1392 eodem
1741 1357 1928 1406 tempore

228 1463 403 1505 desclibi
421 1463 632 1519 potuisset,
656 1464 705 1519 (Ε)
722 1472 767 1506 ut
789 1465 986 1507 Galilaeus
1006 1464 1324 1513 demonstravit3
1345 1463 1388 1504 id
1408 1471 1470 1506 est
1488 1463 1743 1506 velocitatem
1768 1426 1794 1461 2
1816 1421 1860 1530 1:31
1879 1422 1925 1506 I:
1959 1466 1963 1467 ⁷

1557 1178 1661 1219 Bc
1722 1184 1922 1224 DEQ

228 1558 274 1616 (f)
295 1566 338 1601 at
356 1560 399 1600 in
419 1573 593 1615 corpore
612 1574 755 1602 arcum
777 1561 826 1602 H
845 1561 868 1603 I
887 1560 1157 1610 describente,
1189 1566 1314 1616 auget
1333 1572 1473 1601 arcum
1493 1559 1610 1601 illum
1630 1558 1715 1601 sola
1745 1558 1926 1615 longitu-

228 1691 295 1712 eam
310 1679 422 1710 minuit
431 1680 601 1720 quantitate
609 1681 675 1722 ejus
685 1682 780 1722 ipsius
790 1688 929 1722 respectu
937 1680 1056 1713 infinite
1097 1679 1238 1711 retardat.
1284 1680 1390 1717 Quare
1410 1681 1437 1711 si
1457 1681 1626 1712 resistentia
1639 1680 1669 1711 vi
1682 1679 1838 1722 gravitatis
1857 1685 1926 1711 tnn-
1941 1686 1946 1693 “

228 1722 329 1763 parva,
353 1733 423 1763 quae
437 1722 540 1763 itaque
553 1723 605 1753 hic
620 1733 682 1754 non
697 1730 742 1755 est
755 1725 929 1763 spectanda,
951 1724 1055 1764 itaque
1097 1722 1224 1762 gentiali
1244 1724 1343 1764 major
1363 1730 1418 1761 est,
1443 1729 1547 1753 motus
1570 1723 1750 1759 retardatur,
1773 1723 1799 1752 si
1823 1722 1926 1753 minor

228 1775 339 1805 corpus
352 1772 458 1795 arcum
475 1766 507 1795 G
523 1765 559 1796 H
575 1765 744 1797 describere
758 1767 945 1798 censendum
960 1774 1005 1797 est
1026 1766 1055 1796 vi
1098 1765 1292 1804 acceleratur,
1309 1766 1336 1796 si
1350 1765 1475 1806 aequalis
1489 1775 1546 1796 nec
1559 1765 1745 1797 acceleratur
1759 1774 1818 1795 nec
1830 1771 1926 1796 retar-

230 1806 399 1846 composita
413 1816 450 1836 ex
465 1807 495 1836 vi
509 1812 613 1838 motus
627 1808 710 1840 insiti
725 1814 755 1839 et
769 1809 799 1839 vi
812 1809 976 1850 gravitatis.
1011 1808 1056 1839 Et
1097 1806 1196 1837 datur.

228 1850 321 1880 simili
332 1847 434 1886 modo,
447 1855 584 1888 tempore
594 1850 703 1881 eodem
717 1861 779 1892 quo
793 1851 935 1882 describit
948 1860 1055 1882 arcum
1140 1849 1186 1890 (θ)
1203 1851 1220 1869 *
1245 1851 1286 1881 Ut
1304 1851 1448 1883 Galilaeus
1469 1851 1687 1882 demonstravit.
1735 1848 1824 1892 (vid.
1837 1848 1918 1880 dem.

230 1892 266 1924 H
287 1892 312 1928 I,
339 1891 370 1921 vi
391 1891 546 1932 gravitafis
557 1892 676 1924 caderet
690 1903 744 1934 per
758 1894 951 1925 altitudinem
974 1893 1007 1923 N
1024 1893 1051 1922 Ι.
1096 1896 1152 1922 not
1167 1895 1217 1923 29.
1236 1892 1307 1923 Lib.
1328 1893 1376 1933 1.)

232 1934 337 1970 Quare
352 1934 447 2006 (Sper
450 1933 537 1963 Lem.
556 1934 600 1964 Χ.
621 1935 690 1966 Lib.
711 1936 739 1967 I.
746 1936 758 1975 )
782 1941 865 1976 temp
867 1946 919 1966 ora
942 1935 1054 1976 quibus
1139 1933 1181 1974 (f)
1205 1936 1221 1953 ⁸*
1239 1936 1284 1966 At
1298 1936 1332 1966 in
1348 1946 1475 1975 corpore,
1496 1935 1552 1966 ἃς.
1598 1935 1683 1966 Nam
1697 1933 1763 1964 sola
1775 1933 1805 1964 vi
1820 1931 1921 1971 insita,

228 1986 339 2016 corpus
374 1975 493 2006 escribit
507 1985 594 2007 arcus
611 1978 642 2008 G
655 1978 702 2015 H,
720 1978 755 2008 H
770 1978 798 2016 I,
814 1989 868 2009 seu
882 1978 1054 2018 quibusca„
1096 1985 1207 2014 corpus
1227 1981 1362 2016 tempore
1382 1984 1396 2008 t
1416 1977 1596 2008 describeret
1619 1982 1797 2017 tangentem
1824 1976 1860 2006 H
1878 1977 1920 2013 N,

231 2018 277 2049 dit
287 2027 342 2057 per
355 2017 532 2049 altitudines
554 2018 583 2049 L
602 2019 647 2057 H,
666 2000 702 2051 N
715 2020 745 2058 Ι,
760 2027 833 2052 sunt
846 2021 879 2051 in
893 2020 1054 2060 subdupli·
1097 2023 1128 2049 et
1141 2018 1172 2048 vi
1185 2019 1343 2059 gravitatis
1351 2019 1416 2051 soli
1427 2020 1623 2051 altitudinem
1638 2019 1670 2050 N
1683 2019 1709 2055 1,
1725 2018 1841 2049 viribus
1850 2017 1922 2050 verb

233 2061 301 2091 cata
315 2060 432 2091 ratione
446 2061 556 2090 harum
571 2061 776 2094 altitudinem.

273 2102 302 2144 (e
305 2103 318 2142 )
335 2105 352 2122 ¹*
370 2104 415 2134 Et
428 2104 590 2135 velocitates
603 2111 695 2137 erunt
710 2105 792 2147 (11).

273 2145 303 2194 (ὖ
305 2145 351 2184 )
369 2146 412 2175 Et
427 2146 651 2178 decrementum
661 2148 826 2179 velocitatis.
865 2147 949 2178 Nam
964 2146 990 2177 si
1004 2156 1055 2177 ve-
1212 2123 1255 2165 G

230 2187 336 2218 locitas
350 2196 405 2226 per
417 2196 524 2217 arcum
547 2187 583 2218 H
601 2189 630 2226 Ι,
652 2189 759 2220 eadem
773 2195 852 2220 esset
865 2199 900 2220 ac
914 2188 1056 2220 velocitas
1316 2171 1361 2212 H:

420 2254 450 2284 G
468 2254 513 2291 H
805 2232 852 2263 G
869 2232 905 2263 Η
1522 2216 1581 2255 Μ

229 2264 284 2294 per
297 2263 403 2285 arcum
530 2263 731 2295 exponeretur
743 2267 799 2298 per
846 2284 876 2316 Τ
906 2279 916 2295 ,
939 2262 985 2288 est
998 2267 1054 2288 au·
1342 2230 1506 2326 N
1517 2285 1558 2326 N

385 2322 422 2353 H
439 2322 457 2353 I

230 2355 294 2380 tem
314 2347 369 2378 ssla
383 2367 467 2406 Τ.
517 2349 622 2386 Quare
637 2351 663 2382 si
678 2351 820 2382 velocitas
833 2352 996 2388 decrescat,
1017 2350 1055 2380 il-

230 2417 290 2447 lius
310 2415 540 2448 decrementum
561 2424 697 2458 tempore
710 2425 725 2450 t
738 2420 864 2458 factum,
886 2423 1056 2459 exponetur

302 2458 387 2489 GH
455 2459 533 2490 HI

331 2514 359 2543 ,1
399 2503 443 2510 -
463 2503 545 2542 Τ.
586 2485 620 2518 Si
644 2485 716 2518 vero
738 2492 861 2524 crescat,
885 2491 1055 2527 exponetur

237 2554 364 2618 per}-1—I
380 2592 423 2604 —d
444 2553 474 2584 G
492 2553 529 2584 H

325 2614 338 2637 t
470 2607 500 2637 T

231 2654 372 2679 mentum
395 2648 492 2679 oritur
515 2657 535 2679 a
555 2646 725 2679 resistentia
749 2657 860 2688 corpus
883 2646 1055 2678 retardante
1307 2660 1340 2700 C
1482 2665 1530 2704 D,

231 2689 356 2730 ejusque
377 2691 475 2721 motui
495 2689 666 2721 secundum
686 2689 883 2721 directionem
900 2689 1055 2729 tangentis

233 2731 269 2761 H
288 2733 318 2762 N
340 2732 389 2762 vel
410 2732 497 2763 arcfis
519 2733 555 2763 H
573 2732 590 2762 1
605 2732 719 2764 directe
738 2732 888 2763 contraria
911 2731 962 2772 (1)
984 2736 1016 2762 et
1036 2741 1056 2762 a

231 2774 378 2813 gravitate
403 2782 522 2805 motum
547 2775 681 2815 corporis
704 2773 915 2806 descendentis
938 2773 1055 2804 accele-
1098 2777 1269 2820 conjunctis
1289 2776 1431 2809 describit
1449 2783 1554 2807 ancum
1575 2775 1612 2806 H
1628 2773 1807 2811 1‚Qum·3
1819 2775 1920 2818 gavi.

230 2822 326 2852 rante,
349 2816 394 2847 vis
415 2817 497 2846 enim
518 2817 673 2858 gravitatis
686 2818 719 2848 in
732 2817 812 2848 vires
825 2816 903 2847 duas
915 2815 1057 2846 videlicet
1097 2828 1144 2853 tas
1152 2821 1285 2860 spanum
1295 2830 1314 2851 a
1323 2829 1447 2859 corpore
1458 2813 1626 2849 secundnm
1635 2817 1832 2849 directionem
1843 2819 1879 2850 H
1888 2817 1920 2850 N

231 2858 401 2889 normalem
416 2865 447 2888 et
460 2859 679 2900 tangentialem
690 2859 786 2891 ffiVlSfl
797 2858 868 2901 (24)
880 2867 1013 2897 ⁰0¹'P⁰²'1⁵
1023 2868 1057 2888 ¹¹1
1098 2864 1147 2896 vel
1158 2864 1194 2895 H
1204 2865 1230 2901 1,
1240 2861 1472 2895 describendum
1481 2866 1574 2902 auget
1581 2860 1646 2891 sola
1654 2860 1847 2901 longitudine
1858 2861 1893 2892 H
1901 2860 1920 2893 1

231 2901 324 2931 curva
338 2900 547 2932 descendentis
560 2907 680 2933 motum
694 2912 749 2942 per
761 2902 824 2932 vim
838 2899 1057 2942 tangentialem
1730 2903 1766 2933 M
1780 2902 1795 2933 Ι
1805 2903 1877 2940 ><N
1888 2902 1907 2933 Ι
1944 2934 1946 2938 ,

231 2943 378 2975 accelerat
399 2953 493 2985 quem
511 2944 556 2974 vis
576 2945 722 2977 normalis
740 2954 798 2976 nec
818 2943 973 2981 accelerat,
999 2952 1056 2974 nec
1099 2949 1141 2958 -
1152 2932 1187 2965 H
1202 2932 1244 2964 N
1270 2931 1442 2963 13⁵²*qu
1453 2929 1489 2960 H
1501 2928 1573 2960 Ῑ-
1584 2928 1619 2959 Η
1632 2928 1815 2985 ΝΖἾ
1833 2953 1850 2984 1

230 2495 284 2524 per

539 2591 550 2618 ;
570 2580 630 2610 hoc
650 2578 879 2612 decrementum
894 2578 966 2610 vel'
956 2588 1054 2610 incre-

1753 2672 1796 2711 0.
