2066 3548
252 284 334 321 310
678 263 1128 319 PHILOSOPHIAE
1159 271 1519 316 NATURALIS
1587 272 1730 326 [Mor.
1744 272 1944 321 coma.

989 446 1198 490 scholium.

304 561 355 603 In
376 561 438 603 his
458 561 647 602 omnibus
668 574 857 616 suppono
876 558 1050 601 fluidum
1069 572 1123 600 ex
1141 557 1310 599 materia
1332 556 1470 614 quoad
1489 555 1733 598 densitatem
1751 562 1792 598 et
1805 555 1949 619 flffiffi’.

246 640 370 674 tatem
391 632 584 674 uniformi
603 641 802 675 constare.
862 631 967 674 Tale
988 639 1050 673 est
1068 630 1112 671 in
1132 645 1214 686 quo
1234 629 1382 688 globus
1402 629 1512 672 idem
1532 628 1678 671 eodem
1697 643 1791 670 cum
1809 636 1940 680 motu,

243 702 287 743 in
308 704 453 745 eodem
472 703 668 759 temporis
687 702 914 753 intervallo,
936 710 1071 743 motus
1092 700 1242 741 similes
1263 707 1305 741 et
1330 699 1522 756 aequaIeS,
1553 699 1607 741 ad
1636 699 1814 755 aequales
1834 714 1942 741 sem-

243 788 320 830 per
339 789 364 815 a
383 789 425 815 se
445 773 669 825 distantias,
690 773 823 815 ubivis
843 773 886 813 in
904 771 1033 813 fluido
1062 771 1320 821 constitutus,
1350 784 1580 827 propagare
1599 769 1742 825 possit.
1803 769 1950 813 (Σοιια-Ι

241 845 312 887 tur
331 846 498 902 quidem
517 845 688 888 materia
706 860 782 901 per
801 853 959 886 motum
979 858 1099 886 suum
1119 843 1362 885 circularem
1381 842 1574 884 recedere
1592 843 1644 884 ab
1664 857 1743 884 axe
1761 842 1939 894 vorticis,

245 925 286 959 et
304 925 523 974 propterea
541 918 691 973 premit
718 917 928 959 materiam
958 931 1123 958 omnem
1154 915 1402 958 ulteriorem.
1462 915 1531 957 Ex
1549 914 1627 956 hac
1653 915 1865 970 pressione
1891 915 1942 957 fit

242 989 403 1031 attritus
434 989 613 1044 partium
643 988 788 1030 fortior
807 996 848 1030 et
868 987 1072 1043 separatio
1102 987 1154 1029 ab
1180 987 1356 1029 invicem
1385 986 1610 1037 difficilior3
1643 994 1684 1028 et
1701 1001 1777 1042 per
1795 994 1940 1028 conse-

244 1074 373 1116 quens
394 1059 636 1101 diminuitur
653 1059 838 1101 materiae
856 1058 1050 1100 fluiditas.
1096 1058 1273 1099 <Rursus
1304 1057 1338 1098 si
1366 1065 1503 1112 partes
1530 1056 1648 1099 fluidi
1677 1064 1772 1098 sunt
1790 1056 1940 1100 alicubi

243 1131 461 1173 crassiores
482 1147 554 1174 seu
574 1132 762 1188 majores,
784 1131 962 1172 fluiditas
982 1131 1040 1172 ibi
1058 1130 1194 1172 minor
1213 1130 1303 1180 erit,
1334 1130 1388 1171 ob
1407 1130 1620 1185 pauciores
1641 1128 1876 1184 superficies
1894 1129 1940 1171 in

243 1202 391 1258 quibus
410 1210 547 1257 partes
575 1209 815 1257 separentur
829 1201 881 1242 ab
901 1201 1087 1243 invicem.
1148 1200 1200 1242 In
1227 1200 1462 1256 hujusmodi
1491 1200 1650 1242 casibus
1679 1199 1946 1242 deficientem>

241 1273 484 1315 fluiditatem
505 1273 568 1314 vel
586 1273 817 1314 lubricitate
845 1271 1025 1327 partium
1043 1270 1109 1313 vel
1127 1271 1286 1312 lentore
1307 1270 1436 1313 aliave
1456 1270 1591 1328 aliqua
1611 1271 1845 1313 conditione
1872 1285 1938 1313 re-

243 1344 356 1386 stitui
376 1357 578 1399 suppono.
640 1343 740 1385 Hoc
758 1342 838 1384 nisi
856 1341 942 1393 fiat,
963 1341 1134 1384 materia
1151 1342 1225 1383 ubi
1243 1341 1379 1382 minus
1399 1341 1524 1383 fluida
1554 1349 1615 1383 est
1643 1343 1772 1399 magis
1800 1341 1938 1383 cohae-

242 1415 349 1457 rebit
368 1423 409 1457 et
428 1415 593 1472 segnior
613 1415 702 1465 erit,
724 1414 901 1471 ideoque
919 1419 1078 1455 motum
1097 1411 1253 1454 tardius
1273 1411 1443 1467 recipiet
1471 1411 1523 1467 (ἀ)
1544 1419 1585 1454 et
1603 1411 1766 1469 longius
1783 1425 1937 1468 propa-

241 1487 356 1544 gabit
386 1485 509 1543 quam
538 1501 617 1543 pro
650 1487 809 1529 ratione
839 1486 1026 1542 superius
1061 1484 1279 1542 assignata.
1339 1485 1388 1540 (θ)
1413 1485 1458 1527 Si
1477 1484 1611 1542 figura
1639 1484 1745 1526 vasis
1770 1486 1856 1526 non
1884 1483 1937 1528 sit

285 1603 329 1646 (⁶)
346 1605 364 1624 '⁸
380 1604 426 1635 Et
438 1605 559 1644 longius
574 1605 750 1645 propagabit
770 1602 863 1644 qudm
878 1614 937 1643 pro
950 1603 1066 1634 ratione
1107 1610 1179 1631 rum
1203 1599 1333 1631 circulos
1355 1599 1591 1635 describentium
1620 1605 1759 1639 tempora
1781 1597 1936 1639 periodic-

240 1647 380 1685 supen‘us
393 1646 558 1687 assignata.
605 1646 646 1677 In
661 1646 864 1685 superioribus
878 1645 1066 1676 demonstra·
1108 1648 1195 1674 eraut
1211 1643 1321 1684 (Prop.
1342 1641 1440 1682 LII.)
1464 1648 1500 1674 ut
1520 1641 1670 1683 quadrata
1682 1641 1894 1673 distantiarum
1914 1649 1937 1685 ⁸.

241 1687 377 1719 tionibus
393 1688 562 1719 Nevvtonus
583 1688 744 1728 supposuit
764 1687 896 1718 fluidum
916 1688 1064 1728 homoge-
1107 1691 1213 1717 centro
1230 1685 1270 1722 S;
1297 1691 1388 1715 erunt
1400 1685 1434 1714 in
1448 1685 1506 1715 hoc
1519 1695 1590 1715 vase
1603 1690 1640 1715 ut
1654 1683 1801 1725 quadran
1814 1682 1933 1714 medio-

241 1739 337 1760 neum
361 1741 426 1761 esse
446 1737 478 1761 et
501 1730 686 1771 pressionem
707 1730 822 1770 ubique
846 1729 1014 1770 aequalem;
1036 1729 1062 1760 si
1104 1726 1205 1758 crium
1223 1725 1436 1758 distantiarum
1457 1737 1551 1769 quam
1565 1725 1715 1767 proxime.
1763 1725 1815 1758 sic
1838 1723 1932 1765 porti·

240 1771 312 1803 vei-6
327 1772 359 1802 in
373 1772 498 1804 diversis
512 1783 531 1803 a
544 1773 666 1803 vorticis
680 1778 785 1803 centro
798 1771 947 1802 distantiis
960 1771 1063 1812 aliqua

240 1813 280 1844 sit
293 1814 426 1853 partium
439 1814 528 1845 fluidi
541 1821 596 1845 aut
609 1815 770 1854 pressionis
784 1813 984 1854 inequalitas,
1006 1813 1064 1843 mi-

241 1865 349 1886 norem
365 1856 413 1887 vel
427 1856 575 1897 majorem
591 1855 771 1887 fluiditatem
791 1855 864 1885 inde
884 1861 992 1891 ortam,
1015 1854 1065 1885 vel

240 1895 412 1928 lubricitate
426 1899 559 1936 partium
573 1898 622 1927 vel
636 1897 751 1928 lentore
764 1897 861 1927 aliive
874 1894 977 1936 aliqua
990 1905 1064 1927 con-

240 1938 356 1969 ditione
370 1939 410 1969 ad
424 1940 627 1980 aequalitatem
637 1939 754 1970 restitui
768 1938 923 1978 supponit,
944 1945 981 1969 ut
994 1947 1064 1969 vor-

239 1986 290 2010 tex
305 1980 338 2010 in
353 1980 461 2012 eodem
480 1987 559 2011 statu
576 1979 667 2021 juxta
680 1982 763 2021 leges
777 1980 973 2020 praescriptas,
995 1989 1064 2019 per-

240 2029 372 2054 maneat.
421 2024 494 2054 Hoc
509 2023 567 2053 nisi
577 2023 638 2060 fiat,
655 2024 781 2053 materia
791 2023 843 2053 ubi
854 2022 958 2052 minus
968 2021 1064 2052 fluida

239 2070 294 2102 est,
310 2064 408 2105 magis
422 2065 586 2095 cohaerebit
599 2071 630 2095 et
644 2064 766 2106 segnior
776 2065 839 2099 erit,
856 2060 987 2103 ide6que
997 2073 1064 2093 mo·-

239 2111 306 2136 tum
322 2117 341 2137 a
354 2108 446 2147 globo
467 2106 592 2137 centrali
619 2106 883 2139 communicatum
908 2105 1064 2136 difficilius

239 2158 276 2178 ac
289 2148 411 2183 tardius,
436 2149 552 2179 caeteris
572 2149 704 2188 paribus,
731 2149 871 2188 recipiet;
899 2148 952 2178 sed
972 2148 1063 2178 illum

240 2190 363 2231 longius
384 2191 572 2232 propagabit.
620 2191 704 2223 Nam
725 2191 750 2221 si
770 2191 892 2221 vorticis
905 2196 1005 2230 partes
1018 2189 1063 2221 itu

239 2231 319 2263 inter
339 2243 371 2264 se
385 2240 416 2264 et
430 2243 501 2263 cum
527 2233 621 2274 globo
645 2234 839 2270 cohaererent,
865 2238 901 2263 ut
923 2232 1010 2263 nulli
1031 2233 1063 2262 vi

237 2282 360 2314 possent
373 2275 514 2315 separari,
531 2285 593 2305 non
607 2281 708 2315 posset
722 2276 834 2317 globus
846 2275 988 2305 centralis
1002 2275 1061 2305 cir-

236 2317 399 2355 cumvolvi,
423 2318 499 2358 quin
523 2318 652 2349 materia
671 2323 736 2348 tota
758 2317 888 2353 vorticis,
914 2323 1062 2357 tanquam

237 2359 330 2389 vectis
351 2359 478 2400 rigidus,
505 2360 599 2390 simul
623 2360 918 2390 circumvolveretur.
966 2358 1060 2390 Unde

236 2400 299 2440 quo
313 2402 413 2442 magis
427 2409 527 2442 partes
541 2403 604 2433 illoe
618 2403 780 2439 cohaerent‚
802 2400 841 2432 εδ
854 2400 978 2442 longius
991 2411 1059 2432 mo-

226 2448 302 2472 tum
317 2454 336 2474 a
349 2444 441 2484 globo
461 2445 587 2475 cena-ali
607 2450 766 2483 acceptum
787 2450 966 2484 propagant.
1014 2443 1059 2474 Et

235 2484 307 2515 ideo
322 2485 438 2516 etiamsi
451 2487 578 2517 materia
592 2487 712 2517 vorticis
726 2487 917 2526 homogenea
930 2495 993 2517 non
1007 2485 1057 2523 sit,

235 2533 266 2557 et
281 2528 393 2566 pressio
407 2527 566 2569 inaequalis
579 2535 778 2568 supponatur,
800 2528 863 2558 vim
877 2538 964 2558 suam
979 2528 1057 2558 obti-

235 2576 311 2599 nent
325 2570 530 2608 difficultates,
545 2581 621 2612 quas
629 2571 733 2601 contra
744 2571 892 2601 vorticum
903 2571 937 2600 in
947 2569 1057 2601 natura

233 2611 462 2650 possibilitatem
480 2613 651 2653 Newtonus
665 2612 822 2653 proposuit
835 2613 868 2643 in
885 2613 956 2644 Cor.
974 2615 1004 2642 2.
1021 2615 1052 2643 4.

234 2656 264 2684 5.
282 2660 313 2683 et
328 2658 358 2685 6.
379 2654 471 2694 Prop.
492 2655 573 2687 LII.

275 2695 321 2736 (‘)
340 2698 356 2716 ¹¹¹
374 2698 406 2727 Si
414 2699 525 2740 figura
552 2699 631 2729 vasis
657 2709 719 2730 non
739 2699 779 2729 sit
806 2699 962 2738 spherica.
1009 2697 1057 2728 Sit

236 2736 262 2767 C
278 2737 310 2767 N
328 2738 362 2768 H
380 2738 424 2775 K,
455 2739 554 2780 figura
578 2740 657 2771 vasis
680 2740 714 2770 in
741 2750 805 2781 quo
828 2739 960 2770 fluidum
989 2739 1055 2770 selo

231 2779 359 2817 sphaerae
383 2782 411 2810 A
431 2781 459 2811 L
485 2782 511 2812 F
533 2782 670 2821 impulsu
695 2788 804 2823 agatur
828 2782 861 2812 in
886 2784 1000 2818 orbem,
1022 2788 1055 2812 et

230 2822 387 2858 particulae
402 2822 488 2854 fluidi
502 2834 572 2864 quoe
581 2825 659 2855 vasis
666 2824 857 2863 superficiem
872 2824 898 2856 C
913 2825 944 2855 N
959 2824 992 2854 H
1008 2823 1052 2861 K,

230 2864 422 2905 contingunt,
445 2868 650 2897 movebuntur
663 2867 696 2896 in
711 2867 799 2897 lineis
813 2876 876 2896 non
897 2865 1053 2897 circulari-

229 2904 294 2940 buS‚
318 2906 370 2936 sed
385 2907 593 2939 conformibus
607 2908 707 2939 eidem
721 2909 799 2939 vasis
813 2908 931 2949 flgurae,
954 2908 1046 2948 parti-

227 2946 307 2993 culae
331 2947 402 2979 vero
425 2959 495 2989 quae
520 2952 644 2989 sphaerae
661 2951 691 2981 A
710 2951 739 2981 L
756 2951 782 2981 F
796 2951 942 2990 proximae
965 2956 1047 2988 sunt,
1089 2953 1168 2984 culae
1192 2952 1220 2983 P
1240 2951 1370 2983 orbitam
1385 2951 1415 2983 B
1430 2950 1460 2982 P
1477 2950 1507 2982 G
1526 2951 1554 2981 B
1573 2950 1768 2982 describentis
1787 2956 1910 2992 tempus

227 2988 357 3036 ⁰¹¹f¹¹.¹⁰⁵
371 2990 550 3023 describent.
600 2992 692 3023 Unde
705 2991 767 3033 quo
781 2993 878 3033 magis
892 2993 1049 3031 particulas
1091 2994 1277 3034 periodicum
1303 2994 1361 3025 erit
1386 3003 1479 3034 quam
1507 2992 1645 3032 proxime
1666 2999 1703 3024 ut
1725 2993 1909 3034 quadratum

227 3027 314 3060 flend·
330 3041 349 3061 a
363 3033 480 3070 sphaerfi
496 3034 621 3065 centrali
635 3034 757 3070 distant,
774 3033 812 3065 εό
825 3035 922 3075 magis
936 3034 1048 3065 orbita-
1089 3037 1239 3067 distantiae
1257 3037 1284 3067 P
1301 3037 1333 3073 S,
1358 3046 1427 3076 quae
1441 3042 1487 3066 est
1500 3035 1601 3066 medin
1621 3035 1810 3068 arithmetica
1828 3036 1909 3068 inter

226 3080 296 3101 rum
311 3082 387 3121 quas
401 3074 586 3113 describunt,
602 3076 702 3117 figura
716 3087 735 3107 a
749 3077 888 3108 circulari
903 3076 1004 3107 differt
1017 3083 1048 3108 et
1089 3079 1263 3109 distantiam
1287 3079 1451 3109 maximam
1478 3077 1506 3108 B
1525 3078 1556 3115 S,
1579 3084 1610 3108 et
1631 3077 1791 3108 minimam
1818 3077 1840 3108 S
1863 3077 1905 3116 G,

225 3113 266 3144 ad
281 3123 359 3146 vasus
373 3115 503 3155 figuram
518 3118 646 3149 accedit.
695 3119 779 3155 Quia
793 3117 864 3150 vero
884 3119 1047 3159 particula-
1088 3120 1150 3152 sive
1165 3122 1222 3152 erit
1235 3128 1271 3152 ut
1284 3127 1404 3160 tempus
1417 3119 1603 3160 periodicum
1618 3119 1773 3160 paniculae
1789 3118 1828 3157 P,
1847 3119 1905 3150 cir-
