2066 3548
228 266 308 309 170
646 260 1097 308 PHILOSOPHIAE
1126 252 1484 306 NATURALI'S
1544 263 1690 315 [Mor.
1713 264 1914 306 Gomon.

221 377 505 437 rectangulum
539 378 616 421 sub
651 378 692 420 A
712 393 737 420 a
770 386 811 420 et
840 380 867 431 ὲ
888 393 912 419 a
932 378 970 420 B
1000 386 1062 420 est
1094 385 1141 420 ut
1171 393 1195 419 a
1217 377 1254 420 B
1275 385 1316 419 et
1333 377 1561 419 resistentia
1588 377 1851 434 conjunctim,
1872 385 1914 421 et

220 457 440 502 propterea
460 449 500 490 A
519 464 542 490 a
563 457 610 491 ut
628 450 869 491 resistentia.
929 450 984 499 Q.
1006 465 1041 491 e.
1062 450 1102 491 d.

280 520 409 561 Corol.
434 526 470 561 1.
532 521 658 563 Unde
689 522 723 563 si
756 522 983 564 resistentia
1011 523 1064 563 sit
1092 530 1138 563 ut
1165 522 1371 572 velocitas,
1408 521 1636 564 differentia
1671 537 1838 564 arcuum
1866 523 1910 564 in

217 592 363 633 eodem
381 592 519 634 medio
538 594 615 635 erit
633 603 680 636 ut
698 609 816 636 arcus
834 602 943 636 totus
964 594 1214 649 descriptusz
1244 603 1286 636 et
1304 602 1457 635 contra.

279 666 410 706 Corol.
432 670 473 707 2.
534 666 579 708 Si
608 667 835 709 resistentia
853 667 906 708 sit
923 667 966 707 in
985 666 1190 721 duplicata
1220 667 1377 708 ratione
1410 666 1645 718 velocitatis,
1681 667 1908 709 differentia

215 735 285 777 illa
304 737 381 778 erit
398 737 443 780 in
461 737 667 794 duplicata
686 740 845 782 ratione
864 739 984 781 arcfis
1003 739 1151 781 totius:
1183 747 1223 781 et
1242 748 1399 782 contra.

266 1543 396 1584 Corol.
420 1549 458 1584 3.
518 1542 575 1583 Et
593 1542 887 1592 universaliter,
910 1541 944 1583 si
964 1540 1193 1583 resistentia
1213 1541 1263 1582 sit
1282 1541 1324 1581 in
1345 1539 1548 1595 triplicata
1567 1540 1633 1582 vel
1652 1540 1731 1582 alifi
1759 1540 1903 1596 quavis

206 1616 365 1657 ratione
402 1615 640 1666 velocitatis,
681 1615 910 1658 differentia
948 1615 1027 1657 erit
1063 1615 1107 1656 in
1145 1613 1289 1656 eadem
1322 1614 1480 1656 ratione
1518 1613 1639 1656 arcus
1672 1613 1820 1656 totius:
1861 1621 1904 1656 et

205 1698 361 1732 contra.
1880 1678 1885 1683 ⁵

264 1762 394 1812 Corol.
416 1765 455 1801 4.
516 1759 572 1802 Et
591 1759 624 1800 si
640 1758 867 1800 resistentia
887 1759 938 1800 sit
956 1759 1106 1815 partim
1123 1758 1167 1799 in
1186 1758 1343 1800 ratione
1359 1758 1532 1814 simplici
1546 1758 1783 1808 velocitatis,
1804 1773 1901 1813 par-

204 1832 276 1874 tim
298 1832 341 1872 in
361 1831 543 1887 ejusdem
561 1831 718 1872 ratione
739 1830 958 1885 duplicata,
991 1830 1219 1871 differentia
1247 1830 1325 1871 erit
1352 1830 1503 1884 partim
1523 1829 1567 1869 in
1587 1829 1749 1870 ratione
1781 1828 1900 1871 arcus

203 1905 327 1947 totius
347 1912 388 1946 et
405 1904 555 1959 partim
574 1904 618 1944 in
637 1905 725 1959 ejus
743 1903 903 1945 ratione
921 1902 1150 1957 duplicata:
1173 1909 1213 1944 et
1232 1909 1387 1944 contra.
1431 1901 1592 1944 Eadem
1606 1900 1684 1943 erit
1697 1899 1767 1943 lex
1779 1908 1820 1943 et
1834 1915 1900 1943 ra·
1962 1907 1971 1911 *

201 1979 261 2021 tio
273 1978 512 2020 resistentiae
524 1992 601 2032 pro
612 1977 838 2027 velocitate,
854 1991 947 2032 quae
959 1984 1021 2017 est
1035 1974 1276 2017 differentiae
1288 1975 1395 2016 illius
1406 1990 1484 2030 pro
1497 1974 1755 2030 longitudine
1766 1973 1898 2016 arcus.

264 2050 398 2092 Corol.
420 2054 460 2091 5.
520 2048 703 2104 Ideoque
723 2048 769 2098 si,
790 2047 973 2103 pendulo
1001 2046 1222 2103 inaequales
1242 2061 1361 2087 arcus
1382 2044 1607 2087 successive
1629 2045 1898 2097 describente,

201 2122 375 2164 inveniri
392 2129 530 2176 potest
547 2121 651 2162 ratio
671 2120 912 2162 incrementi
931 2134 979 2160 ac
998 2119 1248 2161 decrementi
1267 2119 1507 2161 differentiae
1526 2119 1649 2175 hujus
1667 2134 1747 2175 pro
1765 2120 1900 2178 longi-

202 2193 346 2235 tudine
374 2192 493 2234 arcfis
523 2192 740 2247 descripti3
770 2191 988 2233 habebitur
1017 2191 1138 2233 etiam
1167 2191 1271 2233 ratio
1303 2192 1544 2235 incrementi
1572 2206 1620 2234 ac
1648 2192 1898 2250 decrementi

202 2265 444 2309 resistentiae
462 2279 541 2321 pro
559 2264 773 2308 velocitate
791 2264 944 2320 majore
964 2263 1030 2306 vel
1047 2263 1218 2305 minore.

839 2443 1033 2486 Scholium
1065 2441 1274 2484 Generale.

263 2563 332 2605 Ex
349 2562 415 2605 his
436 2563 801 2618 Propositionibus,
819 2579 895 2620 per
914 2561 1186 2605 oscillationes
1205 2561 1478 2617 pendulorum
1498 2561 1542 2602 in
1561 2561 1707 2603 mediis
1728 2536 1894 2618 quibus-

202 2647 377 2688 cunque,
411 2633 592 2674 invenire
624 2634 720 2675 licet
747 2635 1018 2676 resistentiam
1038 2633 1279 2674 mediorum.
1338 2631 1460 2673 A'eris
1493 2630 1592 2675 vero
1626 2632 1895 2674 resistentiam

201 2703 441 2760 investigavi
470 2717 546 2759 per
579 2703 859 2758 experimenta
891 2703 1112 2759 sequentia.
1175 2702 1358 2744 Globum
1391 2701 1572 2758 ligneum
1603 2702 1790 2757 pondere
1816 2717 1894 2747 un·

202 2775 357 2817 ciarum
378 2777 659 2818 Romanarum
680 2778 800 2829 57373,
832 2776 1030 2817 diametro
1051 2775 1273 2832 digitorum
1303 2773 1629 2818 Londinensium
1650 2777 1703 2830 δέ
1722 2774 1893 2816 fabric&
1949 2763 1957 2770 ⁸

200 2853 301 2896 tum,
323 2846 395 2887 filo
409 2847 523 2889 tenui
542 2847 594 2888 ab
614 2861 721 2888 unco
741 2846 838 2888 satis
858 2846 979 2886 firmo
994 2845 1202 2900 suspendi,
1224 2845 1281 2886 ita
1300 2853 1346 2885 ut
1363 2843 1469 2885 inter
1488 2859 1640 2886 uncum
1670 2846 1718 2900 (⁶)
1739 2853 1780 2888 et
1797 2843 1894 2888 ce'nss·

201 2962 311 2996 geatur
337 2958 386 2988 vel
413 2957 604 2989 diminuatur
630 2958 664 2989 in
693 2958 764 2989 data
792 2958 919 2996 ratione,
958 2967 1028 2988 area
1068 2957 1232 2998 ungulum
1253 2957 1311 2987 sub
1327 2957 1357 2986 A
1372 2966 1391 2986 a
1404 2962 1435 2986 et
1448 2955 1470 2997 ᾗ
1483 2966 1502 2986 a
1519 2957 1547 2987 B
1562 2956 1620 2988 erit
1633 2963 1669 2988 ut
1682 2967 1701 2989 a
1717 2957 1746 2989 B
1761 2964 1793 2988 et
1805 2957 1893 2988 min·

203 2998 234 3028 B
251 2998 283 3028 K
301 2999 329 3028 T
343 3010 362 3029 a
382 3001 544 3040 augebitur
571 3001 619 3031 vel
643 3001 834 3032 diminuetur
854 3001 887 3030 in
912 2999 1027 3030 ratione
1070 3001 1165 3031 tentia
1175 2998 1371 3040 conjunctim,
1397 3005 1429 3029 et
1450 3005 1608 3038 propterea
1623 2999 1655 3030 A
1669 3010 1689 3031 a
1701 3006 1738 3031 ut
1751 2999 1892 3031 resisten-

202 3040 368 3078 composita
383 3051 419 3071 ex
435 3042 550 3072 ratione
574 3042 775 3083 longitudinis
789 3053 807 3073 a
825 3043 852 3073 B
868 3049 899 3072 et
912 3042 1028 3073 ratione
1070 3041 1120 3073 tia·

203 3081 378 3114 resistentiae
392 3089 490 3114 auctae
505 3084 553 3115 vel
569 3084 742 3123 diminutae,
757 3084 945 3126 proindeque
964 3094 1028 3131 rec:
1114 3083 1158 3125 (ο)
1176 3086 1192 3104 ⁸
1211 3084 1255 3116 Et
1268 3088 1408 3116 cancrum
1423 3084 1613 3115 osculationis
1630 3085 1717 3124 globi.
1766 3082 1897 3120 Quidsit
