2066 3548
138 246 289 294 LIBER
304 245 521 297 Summa]
568 209 892 304 PRINCJPIA
920 245 1315 305 MATHEMA'H
1323 250 1415 288 UA.
1772 252 1855 289 289

139 366 278 408 autem
297 358 553 412 temporibus
571 357 654 400 itus
674 368 716 400 e‘
733 356 890 413 reditus
910 357 1033 398 unius
1054 357 1192 400 eundo
1219 357 1458 408 latitudines
1488 372 1583 401 suas
1613 359 1853 410 conficiunt,

136 431 219 479 hoc
238 439 312 482 est,
342 432 474 486 spatia
502 431 756 487 temporibus
774 431 1102 487 proportionalia
1128 438 1402 489 percurrunt·
1389 461 1403 481 ,
1437 437 1480 472 et
1506 439 1730 505 propterea
1758 440 1856 474 sunt

137 503 422 560 aequiveloces.

195 575 436 618 Cas.3.1n
455 575 603 618 mediis
621 574 750 632 igitur
779 574 982 628 densitate
1002 583 1044 617 et
1062 575 1104 616 vi
1123 574 1290 626 elasticz'i
1319 576 1503 630 paribus,
1533 576 1678 632 pulsus
1709 591 1852 617 omnes

137 654 235 687 sunt
263 645 544 702 aequiveloces.
605 645 732 695 Quod
753 646 787 686 si
806 646 932 687 medii
951 646 1017 688 vel
1037 645 1218 688 densitas
1239 646 1304 687 vel
1324 647 1384 687 vis
1405 646 1571 688 elastica
1598 647 1850 697 intendatur,

136 717 333 773 quoniam
351 716 413 757 vis
432 716 586 757 motrix
605 716 649 756 in
669 716 829 758 ratione
848 717 909 758 vis
929 717 1122 767 elasticae,
1153 724 1196 758 et
1213 717 1386 758 materia
1403 717 1609 776 movenda
1628 717 1673 759 in
1691 718 1852 759 ratione

135 789 348 831 densitatis
383 792 560 845 augetur
571 805 584 839 3
621 789 667 844 (ἴ)
698 797 874 844 tempus,
909 804 992 845 quo
1025 797 1163 831 motus
1195 788 1323 830 iidem
1355 798 1608 845 peragantur
1626 778 1690 833 'ac
1720 791 1850 845 prius,

134 860 352 917 augebitur
370 859 414 900 in
435 858 721 915 subduplicata
741 859 901 901 ratione
919 859 1147 910 densitatis,
1171 873 1219 900 ac
1239 859 1492 900 diminuetur
1505 859 1548 899 in
1561 860 1850 915 subduplicat'z'i

133 931 292 973 ratione
312 930 373 972 vis
388 930 580 972 elasticae.
642 930 699 971 Et
717 938 941 985 propterea
961 931 1155 980 velocitas
1175 930 1372 985 pulsuum
1393 930 1472 971 erit
1491 931 1535 971 in
1554 931 1714 972 ratione
1736 946 1850 972 com-

131 1001 268 1057 posita
288 1015 343 1042 ex
362 1002 522 1051 ratione
543 1000 831 1055 subduplicata
862 1000 1073 1059 densitatis
1102 1001 1229 1043 medii
1257 1000 1419 1043 inverse
1439 1010 1481 1043 et
1509 1002 1670 1050 ratione
1689 1002 1851 1044 subdu-

132 1073 282 1128 plicata
301 1075 362 1115 vis
383 1073 560 1115 clasticae
580 1072 748 1114 directe.
809 1073 865 1122 Q.
887 1089 923 1114 e.
944 1073 986 1115 d.
1527 1061 1529 1063 .

192 1144 303 1186 Haec
325 1144 560 1200 Propositio
580 1144 750 1186 ulterius
770 1144 929 1199 patebit
949 1158 1000 1185 ex
1020 1145 1325 1186 constructione
1345 1146 1548 1201 sequenti.

432 1325 810 1375 PROPOSITIO
842 1325 1015 1367 XLIX.
1078 1325 1423 1385 PROBLEMA
1453 1325 1539 1367 XI.

243 1457 372 1500 Datis
390 1457 512 1498 medii
531 1457 728 1497 densitate
746 1462 785 1497 et
804 1457 846 1496 vi
864 1453 1045 1506 elasticd,
1078 1456 1258 1497 invenire
1277 1456 1521 1496 velocitatem
1532 1461 1731 1508 pulsuum.

188 1584 414 1641 Fingamus
433 1582 618 1633 medium
636 1582 691 1629 ab
710 1581 976 1624 incumbente
995 1581 1182 1636 pondere
1201 1596 1279 1636 pro
1296 1596 1415 1634 more
1444 1581 1551 1636 aetis
1579 1581 1710 1623 nostri
1728 1595 1845 1623 com-

126 1654 251 1710 primi
262 1651 274 1704 3
294 1655 428 1710 sitque
448 1654 490 1709 ᾼ
510 1652 686 1701 altitudo
705 1652 831 1695 medii
850 1652 1113 1708 homogenei,
1145 1653 1261 1708 cujus
1281 1652 1446 1707 pondus
1466 1652 1658 1708 adaequet
1676 1651 1844 1708 pondus

129 1724 386 1775 incumbens,
409 1732 450 1765 et
469 1726 585 1779 cujus
604 1723 785 1772 densitas
805 1723 952 1770 eadem
971 1723 1024 1765 sit
1044 1738 1140 1764 cum
1160 1723 1363 1765 densitate
1381 1723 1509 1770 medii
1528 1724 1768 1779 compressi,
1798 1724 1843 1765 in

129 1813 212 1855 quo
240 1797 384 1854 pulsus
398 1795 708 1854 propagantur.
765 1796 979 1845 Constitui
1006 1804 1144 1846 autem
1173 1796 1427 1854 intelligatur
1451 1797 1694 1853 pendulum,
1725 1798 1842 1853 cujus

170 1939 214 1981 (ἵ)
235 1941 376 1979 Tempus,
396 1950 456 1980 quo
471 1945 571 1971 motus
585 1940 677 1970 iidem
689 1945 890 1980 peragantur,
900 1939 958 1970 &c-
1004 1938 1133 1970 ficiuntz
1158 1939 1227 1970 soni
1239 1938 1312 1971 vero
1324 1939 1358 1970 in
1372 1939 1482 1971 eodem
1498 1942 1567 1970 aere
1582 1939 1722 1979 producti
1738 1950 1776 1971 eo
1790 1940 1840 1972 in-

130 1982 271 2021 Tempus
284 1991 348 2021 quo
361 1988 467 2011 motus
480 1991 535 2020 per
549 1981 682 2032 aequalia
696 1983 794 2019 spatia
807 1991 962 2021 peragun-
1003 1981 1151 2011 tensiores
1165 1988 1247 2017 sunt,
1263 1989 1408 2012 manente
1422 1989 1507 2019 tono,
1523 1992 1587 2022 quo
1601 1983 1703 2023 majus
1713 1990 1758 2013 est
1770 1993 1838 2022 spa.-

126 2031 179 2055 tur
194 2030 240 2054 est
253 2024 287 2053 in
301 2024 420 2054 ratione
441 2022 614 2061 composita
628 2033 666 2054 ex
681 2022 898 2061 subduplicatn
913 2033 963 2057 ra-
1004 2024 1083 2054 tium
1105 2023 1190 2064 quod
1210 2024 1288 2054 a‘e'ris
1311 2025 1470 2063 particulae
1495 2024 1599 2054 eundo
1625 2032 1656 2055 et
1677 2025 1838 2055 redeundo

125 2068 211 2106 tione
234 2066 370 2098 materiae
390 2065 551 2096 movendae
573 2064 688 2095 directe
701 2070 733 2094 et
747 2064 962 2103 subduplicata
1004 2065 1182 2096 describunt
1204 2065 1277 2095 dato
1298 2072 1456 2105 tempore3
1482 2073 1519 2096 ut
1543 2067 1567 2095 si
1590 2066 1705 2096 chorda
1718 2063 1837 2099 musica

125 2109 247 2140 ratione
267 2109 314 2138 vis
335 2108 471 2138 moti-icis
492 2106 611 2137 inverse
627 2110 696 2148 (per
721 2107 791 2137 Cor.
805 2109 836 2137 5.
862 2106 957 2145 Prop.
1003 2107 1136 2140 validius
1150 2108 1300 2146 pulsetur,
1323 2108 1454 2148 majores
1469 2109 1653 2138 vibrationes
1666 2108 1740 2139 dato
1754 2115 1834 2139 tem-

127 2151 286 2190 XXIV.)
311 2147 446 2199 ideoque
470 2150 504 2180 in
527 2151 587 2180 hoc
609 2149 700 2180 tertio
721 2159 802 2183 casu,
825 2154 959 2187 tempus,
1002 2159 1077 2189 pore
1089 2150 1218 2190 peragit,
1235 2150 1426 2190 majoresque
1440 2150 1646 2180 oscillationes
1667 2151 1834 2189 particula-

125 2199 272 2226 manente
287 2193 387 2232 spatio
401 2192 562 2231 descripto,
577 2191 764 2232 augebitur
755 2202 787 2220 in
799 2190 962 2230 subdupli·
1002 2202 1073 2222 rum
1088 2192 1165 2222 a‘e'ris
1179 2192 1301 2228 excitat,
1324 2198 1356 2222 et
1376 2202 1471 2223 sonus
1491 2192 1639 2222 intensior
1653 2193 1831 2232 percipitur,

125 2235 195 2267 cata
209 2237 327 2266 ratione
341 2235 509 2271 densitatis,
529 2245 566 2266 ac
586 2233 801 2265 diminuetur'
791 2244 825 2263 in
839 2233 958 2270 subdu-
1000 2234 1073 2264 licet
1087 2239 1180 2264 tonus
1194 2234 1278 2264 idem
1293 2241 1419 2272 maneat
1433 2241 1464 2264 et
1477 2233 1608 2273 proinde
1621 2235 1773 2274 pulsuum
1786 2235 1833 2266 la-

125 2278 239 2319 plicata
252 2278 371 2309 ratione
380 2277 426 2307 vis
439 2277 581 2314 elasficae,
597 2283 629 2307 et
642 2275 802 2315 propterea
813 2268 959 2307 velocitas
999 2275 1102 2307 titudo
1126 2286 1163 2306 ac
1183 2276 1328 2307 velocitas
1348 2287 1412 2306 non
1434 2282 1603 2307 mutentur.
1653 2275 1735 2307 cum
1757 2287 1832 2318 ergo

125 2332 196 2362 quae
218 2327 264 2351 est
278 2326 315 2351 ut
328 2320 463 2360 spatium
488 2318 602 2350 directe
626 2325 659 2349 et
679 2325 803 2358 tempus
827 2317 956 2355 inverse,
999 2324 1086 2349 tanta
1101 2318 1140 2348 sit
1153 2318 1296 2349 velocitas
1315 2319 1399 2355 ,lucis
1413 2324 1448 2349 ιιι
1466 2328 1521 2358 per
1541 2319 1775 2358 atmosphaeram
1797 2320 1830 2349 in

127 2365 183 2405 (ob
204 2363 314 2394 datum
338 2362 472 2402 spatium
494 2372 549 2402 per
572 2361 679 2401 Hyp.)
704 2361 762 2391 erit
785 2361 819 2391 in
842 2360 960 2391 ratione
1000 2361 1126 2391 instanti
1140 2360 1242 2401 quoad
1257 2371 1383 2392 sensum
1400 2367 1585 2403 propagetur
1600 2362 1670 2402 (per
1683 2361 1776 2392 schol.
1790 2361 1831 2392 ad

125 2405 302 2458 composita
310 2415 348 2436 ex
362 2405 480 2435 ratione
494 2403 710 2443 subduplicata
723 2403 880 2434 densitatis
893 2413 959 2433 me-
1004 2403 1099 2442 Prop.
1119 2403 1248 2433 XCVI.
1267 2404 1338 2434 Lib.
1359 2403 1387 2433 1.
1392 2403 1430 2441 ‘),
1420 2415 1429 2423 ·
1452 2404 1478 2433 si
1490 2411 1589 2434 'sonus
1603 2410 1633 2434 et
1649 2403 1703 2432 lux
1718 2403 1830 2438 eodem
1845 2427 1847 2430 Α

125 2448 193 2478 dii
183 2447 314 2485 inverse,
337 2454 369 2478 et
389 2447 509 2478 ratione
530 2445 742 2486 subduplicata
759 2446 804 2475 vis
826 2445 959 2476 clasticae
1001 2451 1120 2485 puncto
1133 2445 1280 2484 temporis
1295 2445 1474 2480 excitentur,
1491 2445 1538 2476 uti
1552 2445 1584 2474 in
1599 2445 1750 2476 machinis
1764 2446 1826 2477 bel-

127 2488 272 2528 direct&
284 2490 339 2522 sed
360 2489 440 2520 datis
460 2489 555 2519 medii
570 2489 721 2520 densitate
735 2493 766 2519 et
780 2489 807 2518 vi
823 2486 956 2524 elastica,
999 2488 1066 2517 licis
1079 2487 1205 2517 flamma
1215 2488 1359 2528 etti-agor
1366 2488 1580 2527 producuntur
1586 2487 1690 2523 simul,
1701 2494 1731 2519 et
1742 2499 1827 2528 spec-

126 2514 272 2563 velocitas
292 2533 453 2572 pulsuum,
475 2538 646 2572 utcumque
660 2531 793 2561 varietur
813 2530 956 2568 spatium,
999 2535 1080 2561 tator
1103 2530 1236 2569 spatium
1262 2540 1325 2570 quo
1349 2541 1368 2560 a
1392 2539 1517 2569 corpore
1541 2532 1707 2561 resonante
1725 2531 1829 2570 distat,

112 2571 198 2606 'data
217 2581 270 2610 est,
295 2577 364 2616 (per
381 2575 451 2605 Cas.
474 2578 500 2605 1.
518 2580 550 2605 et
564 2574 613 2613 2.)
634 2572 709 2614 ergo
729 2572 873 2603 velocitas
886 2572 956 2621 pul·
999 2578 1183 2613 tempusque
1206 2573 1291 2614 quod
1313 2572 1394 2603 inter
1415 2572 1543 2603 luminis
1558 2579 1588 2603 et
1601 2573 1677 2603 soni
1701 2583 1827 2613 percep-

125 2627 220 2647 suum
235 2618 294 2647 erit.
306 2627 426 2656 semper
440 2618 471 2646 in
482 2617 600 2647 ratione
611 2615 779 2655 composita
791 2625 829 2645 ex
837 2615 957 2645 ratione
997 2615 1098 2646 tiones
1118 2615 1288 2652 intercedit,
1310 2614 1504 2652 dimediatur‚
1527 2615 1594 2645 soni
1615 2615 1758 2653 velocitas
1779 2616 1828 2645 in-

125 2658 250 2698 subdup
252 2659 341 2690 licata
360 2659 518 2690 densitatis
531 2659 626 2689 medii
647 2657 765 2689 inverse
786 2663 817 2688 et
837 2657 956 2688 ratione
997 2663 1142 2688 notescet.
1191 2658 1299 2699 Atque
1320 2667 1358 2688 eo
1378 2658 1495 2687 modo
1486 2667 1519 2687 ιιι
1541 2657 1630 2687 variis
1652 2651 1829 2698 regionibus

125 2700 342 2740 subduplicat'a
355 2702 400 2732 vis
414 2702 545 2732 elasticae
558 2699 681 2732 directe.
998 2700 1083 2731 varia
1096 2701 1253 2731 observata
1263 2707 1309 2731 est
1323 2699 1466 2730 velocitas
1479 2699 1557 2735 soni,
1574 2705 1605 2730 et
1615 2701 1647 2729 in
1661 2700 1778 2741 Anglin
1790 2698 1828 2731 ea

169 2742 242 2775 318.
270 2744 322 2774 Ex
336 2744 395 2774 hac
411 2744 627 2783 Propositione
641 2748 724 2783 patet
738 2751 794 2773 cur
807 2741 875 2772 soni
889 2751 957 2772 om-
999 2742 1153 2774 celeritate
1164 2743 1246 2780 ferri,
1266 2742 1452 2773 Flamstedio
1467 2747 1498 2772 et
1513 2742 1651 2790 I-Jalleyo
1659 2742 1758 2772 visum
1769 2748 1825 2779 est,

108 2790 110 2792 ’
125 2786 174 2816 nis
188 2787 319 2827 generis,
343 2787 443 2826 gravis
457 2793 488 2817 et
502 2793 622 2819 acutus.
647 2786 787 2815 intensus
801 2790 832 2814 et
852 2784 959 2815 remis-
1000 2784 1063 2825 qua
1076 2784 1169 2824 pedes
1185 2785 1399 2815 Londinenses
1413 2784 1485 2823 plus
1498 2784 1603 2814 minus
1623 2787 1714 2821 1142,
1739 2785 1827 2816 Pari·

126 2839 190 2865 sus,
211 2828 279 2867 pari
298 2829 455 2859 velocitate
468 2829 502 2858 in
517 2828 626 2859 eodem
648 2828 717 2858 a‘ere
738 2834 964 2867 propagentur.
1000 2827 1114 2858 sienses
1127 2826 1200 2858 vero
1218 2831 1308 2862 1070,
1323 2833 1461 2865 tempore
1475 2826 1588 2856 minuti
1602 2827 1697 2857 unius
1717 2837 1828 2858 secun-

127 2851 212 2901 Nain
227 2880 373 2905 sonorum
384 2870 548 2905 diversitas,
560 2870 662 2911 quoad
675 2880 767 2909 grave
777 2875 809 2899 et
817 2875 955 2906 acutum,
1001 2869 1033 2900 di
1048 2875 1247 2909 percurreret.
1292 2869 1378 2904 Quia
1391 2867 1463 2899 vero
1473 2869 1608 2899 densitas
1622 2877 1653 2899 et
1667 2870 1712 2899 vis
1726 2869 1828 2900 clasti-

125 2924 144 2943 a
159 2923 290 2943 numero
305 2913 452 2952 pulsuum
467 2914 520 2954 qui
534 2914 566 2943 in
582 2914 651 2943 a'ete
665 2919 802 2951 tempore
815 2911 887 2942 dato
901 2922 956 2942 ex·
998 2922 1036 2943 ca
1048 2912 1126 2942 aeris
1139 2913 1172 2942 in
1184 2912 1273 2942 variis
1285 2912 1450 2942 Terrarum
1462 2911 1547 2946 locis,
1562 2911 1748 2952 diversisque
1754 2912 1829 2942 anni

125 2956 268 2991 citantur,
298 2955 412 3004 pendet
437 2955 553 3027 5316);
583 2962 615 2986 at
643 2957 711 2995 (per
733 2955 812 2985 hanc
844 2953 935 2993 Prop.
942 2954 956 2993 )
998 2955 1230 2993 tempestatibus
1258 2955 1291 2984 in
1319 2953 1428 2983 eodem
1456 2953 1526 2983 loco
1554 2960 1725 2992 mutantur,
1755 2954 1829 2986 inde

124 2997 233 3037 pulsus
246 2998 334 3034 a'e’ris,
351 3007 407 3028 seu
420 3008 442 3036 p
456 3007 524 3028 ures
538 3008 592 3028 seu
604 2996 766 3037 pauciores
786 2996 859 3026 dato
877 3003 957 3026 tem-
999 3007 1125 3037 quoque
1150 2997 1263 3027 mutari
1287 3002 1406 3035 oportet
1427 2995 1494 3026 soni
1509 2996 1710 3026 velocitatem.
1760 2998 1828 3028 Diu

124 3050 198 3079 pore
212 3039 431 3079 producantur,
454 3039 562 3070 eadem
583 3049 704 3079 semper
724 3039 883 3068 velocitate
897 3037 958 3068 dif-
999 3039 1150 3069 creditum
1166 3046 1222 3076 est,
1245 3039 1476 3069 observantibus
1492 3039 1671 3075 Mersenno,
1696 3040 1829 3069 Gnssen-

123 3081 301 3112 funduntur
316 3089 347 3112 et
361 3082 435 3113 dato
449 3088 587 3122 tempore
603 3082 710 3113 datum
727 3081 861 3121 spatium
883 3090 957 3111 con·
1000 3081 1050 3117 do,
1084 3087 1114 3111 et
1142 3081 1339 3112 Academicis
1367 3081 1564 3118 Florentinis,
1587 3091 1699 3112 sonum
1728 3092 1829 3122 neque

167 3136 248 3167 Vox..
269 3136 317 3166 11.
961 3136 991 3166 Τ
