2066 3548
220 269 301 307 166
642 265 1091 308 PHILOSOPHIAE
1122 258 1482 309 NATURALI'S
1550 265 1916 319 [Mor.ConPon.

214 371 393 428 sistente,
428 383 472 418 et
504 376 542 419 B
563 377 603 420 A
633 378 678 419 in
710 378 847 419 medio
879 392 965 419 non
988 377 1214 429 resistente,
1247 377 1299 432 (Ρ)
1320 377 1546 433 aequalibus
1566 378 1728 421 circiter
1754 387 1914 434 tempo-

211 448 325 490 ribus
345 450 629 492 describantur
639 467 651 500 ;
681 451 859 506 ideoque
878 451 1112 492 velocitates
1132 451 1176 491 in
1196 450 1366 507 singulis
1386 450 1514 504 ipsius
1537 450 1574 492 Β
1589 465 1615 491 a
1632 451 1819 505 punctis,
1832 452 1915 494 sint

211 533 334 574 quam
366 519 555 574 proxime
584 520 638 561 ad
666 520 898 562 velocitates
930 520 972 560 in
1001 519 1164 574 punctis
1195 519 1611 574 correspondentibus
1644 519 1913 577 longitudinis

213 591 250 632 Β
271 592 324 641 A,
355 601 402 633 ut
421 600 482 634 est
503 592 540 633 B
561 608 585 634 a
605 593 658 634 ad
681 593 718 635 B
739 595 803 644 A;
838 595 916 635 erit
943 592 1136 634 velocitas
1170 591 1214 633 in
1236 599 1392 647 puncto
1412 592 1456 633 D
1476 591 1520 632 in
1539 591 1676 632 medio
1695 592 1912 636 resistente

210 671 256 704 ut
283 663 424 704 circuli
443 663 508 706 vel
528 663 716 720 ellipseos
735 681 859 722 super
883 665 1087 707 diametro
1108 663 1147 706 Β
1165 679 1191 705 a
1212 663 1407 719 descripti
1436 663 1656 709 ordinatim
1685 664 1910 720 applicatag

202 1482 254 1550 (³)
275 1494 451 1549 ideoque
470 1492 605 1549 figura
626 1490 664 1532 B
686 1489 728 1530 K
749 1489 790 1530 V
810 1488 851 1530 T
871 1503 896 1530 a
915 1486 1068 1542 ellipsis
1089 1485 1167 1528 erit
1186 1484 1306 1542 quam
1327 1484 1530 1550 proxime.
1581 1485 1691 1527 cum
1710 1484 1903 1528 resisten-

201 1568 257 1608 tia
275 1566 480 1608 velocitati
499 1562 817 1620 proportionalis
838 1566 1107 1615 supponatur,
1142 1559 1194 1601 sit
1224 1559 1265 1601 Ο
1286 1559 1327 1600 V
1353 1572 1564 1613 exponens
1590 1558 1832 1600 resistentiae
1859 1558 1905 1600 in

199 1646 355 1694 puncto
374 1636 512 1678 medio
533 1635 574 1676 O
586 1650 598 1684 ς
626 1642 668 1675 et
686 1632 840 1687 ellipsis
862 1631 899 1672 Β
918 1631 958 1672 R
974 1630 1015 1671 V
1037 1631 1067 1672 S
1086 1645 1124 1680 a,
1146 1636 1288 1671 centro
1310 1628 1364 1680 O,
1387 1628 1654 1670 semi-axibus
1677 1628 1718 1670 O
1733 1629 1783 1678 Β,
1806 1628 1847 1670 O
1864 1627 1904 1670 V

200 1712 418 1767 descripta,
454 1710 632 1768 figuram
655 1707 692 1749 B
715 1706 758 1747 K
778 1705 819 1746 V
840 1704 881 1746 T
901 1719 937 1753 a,
970 1703 1089 1758 eique
1118 1701 1277 1758 aequale
1305 1701 1592 1757 rectangulum
1623 1701 1661 1742 A
1681 1716 1705 1742 a
1726 1712 1760 1746 χ
1787 1700 1825 1742 Β
1846 1699 1902 1751 Ο,

201 1784 379 1839 aequabit
399 1779 722 1840 quamproxime.
785 1778 862 1819 Est
880 1777 1005 1832 igitur
1024 1775 1065 1817 A
1085 1791 1110 1816 a
1131 1785 1166 1820 Χ
1191 1775 1229 1817 Β
1253 1774 1293 1816 Ο
1314 1774 1366 1816 ad
1388 1774 1430 1816 O
1443 1774 1484 1815 V
1503 1786 1538 1819 ><
1565 1775 1602 1816 B
1617 1774 1659 1816 O
1680 1775 1727 1830 (f)
1747 1782 1794 1816 ut
1807 1788 1904 1816 area.

204 1854 512 1911 semi-ellipseos
532 1852 653 1907 hujus
674 1849 727 1893 ad
749 1848 790 1890 O
812 1848 852 1889 V
873 1858 907 1892 Χ
935 1846 972 1887 Β
994 1845 1058 1887 O:
1080 1845 1123 1887 id
1146 1852 1219 1896 est,
1243 1844 1284 1886 A
1303 1859 1328 1885 a
1347 1843 1401 1886 ad
1419 1843 1461 1886 Ο
1482 1844 1522 1886 V
1542 1848 1587 1901 (⁸)
1609 1852 1655 1886 ut
1673 1850 1768 1887 area
1782 1845 1904 1887 semi-

247 1997 319 2038 (¹')*
331 1998 399 2027 180.
415 1995 599 2035 AEqunlibus
610 1994 728 2026 circiter
737 1991 915 2032 temporibus
923 1990 1034 2020 descri-
1076 1988 1110 2020 in
1130 1988 1187 2018 hac
1208 1987 1307 2028 figura
1327 1986 1365 2018 ad
1390 1988 1419 2018 B
1436 1987 1470 2018 D
1491 1987 1525 2017 in
1539 1984 1640 2028 figura
1653 1987 1763 2026 textus,
1789 1994 1826 2019 ut
1841 1989 1871 2020 B
1884 1997 1906 2019 a

205 2040 327 2070 bantur.
356 2038 440 2074 Quia
450 2036 618 2067 resistentia
626 2035 797 2065 minuendo
808 2033 942 2071 corporis
952 2032 1034 2061 velo·
1076 2031 1117 2061 nd
1134 2031 1162 2060 B
1178 2030 1220 2067 A,
1235 2031 1294 2059 hoc
1308 2035 1362 2066 est,
1377 2035 1414 2060 ut
1427 2029 1569 2060 velocitas
1582 2030 1615 2060 in
1630 2030 1704 2060 locor
1713 2035 1738 2061 A
1754 2030 1787 2060 in
1800 2030 1904 2062 medio

205 2080 329 2111 citatem
341 2085 463 2118 tempus
473 2078 614 2117 producit
622 2078 654 2107 in
663 2076 810 2107 descensu
820 2086 839 2105 a
850 2075 877 2104 B
890 2073 929 2104 ad
943 2074 980 2109 C,
996 2073 1034 2102 il·
1076 2073 1233 2102 resistente
1247 2071 1287 2101 ad
1301 2071 1490 2102 velocitatem
1504 2071 1537 2101 in
1552 2072 1621 2102 loco
1634 2072 1666 2102 D
1675 2072 1708 2101 in
1722 2072 1826 2103 medio
1839 2082 1904 2103 non

205 2122 322 2162 ludque
331 2120 483 2152 contrahit
493 2121 525 2150 in
535 2130 661 2150 ascensu
672 2129 691 2149 a
703 2119 727 2148 C
737 2118 776 2148 ad
785 2128 814 2153 a,
826 2115 1034 2156 longitudines
1075 2113 1251 2150 resistente;
1269 2121 1299 2143 et
1314 2111 1407 2143 ducta
1421 2114 1560 2144 ordinatii
1575 2119 1600 2144 Δ
1617 2107 1658 2151 Ε,
1674 2114 1732 2145 erit
1744 2114 1846 2153 etiam,
1861 2117 1903 2145 ob

209 2165 238 2195 B
255 2164 320 2194 Ain
333 2163 435 2193 medio
445 2172 509 2192 non
519 2162 675 2192 resistente
684 2166 715 2190 et
728 2161 755 2190 B
768 2170 787 2190 a
796 2160 827 2188 in
837 2158 939 2188 medio
948 2157 1034 2187 resis-
1076 2156 1246 2196 figurarum
1260 2155 1491 2186 similitudinem
1508 2161 1532 2186 Δ
1551 2156 1580 2186 E
1594 2155 1634 2186 nd
1649 2156 1682 2186 D
1696 2156 1725 2187 E
1741 2162 1776 2187 ut
1793 2157 1821 2188 B
1831 2167 1850 2188 a
1863 2155 1904 2187 ad

205 2203 710 2245 tente,earumquelongitudinum
719 2208 818 2242 partes
826 2199 1034 2240 proportiona-
1079 2199 1109 2230 B
1127 2201 1169 2234 A,
1184 2196 1315 2237 ideoque
1329 2204 1365 2227 ut
1379 2197 1521 2228 velocitas
1534 2198 1567 2227 in
1581 2197 1684 2228 medio
1697 2199 1853 2230 resistente
1862 2197 1904 2230 ad

1134 2239 1326 2270 velocitatem
1341 2240 1372 2269 in
1387 2239 1491 2270 medio
1511 2250 1575 2270 non
1594 2241 1760 2271 resistente.
1807 2241 1903 2272 Velo-
1960 2245 1961 2249 ’

1133 2282 1208 2312 citas
1222 2281 1316 2322 igitur
1329 2281 1361 2311 in
1376 2281 1478 2312 medio
1491 2282 1647 2313 resist-te
1660 2282 1718 2314 erit
1734 2292 1854 2323 semper
1866 2289 1903 2314 ut

1133 2323 1274 2355 ordinata
1288 2323 1438 2355 variabilis
1452 2329 1477 2355 Δ
1492 2324 1532 2354 Ε.

1178 2365 1490 2409 (q)1de6qaefigura
1510 2368 1538 2397 B
1551 2368 1587 2397 K
1603 2368 1631 2397 V
1646 2367 1706 2398 Ta
1725 2368 1903 2407 dli1m‘een‘t

1133 2408 1230 2449 qudm
1246 2407 1389 2447 maxime.
1439 2407 1520 2438 cum
1544 2408 1628 2438 enim
1657 2410 1709 2449 (ex
1732 2408 1828 2440 modo
1848 2409 1902 2441 de-

1133 2449 1322 2489 monstratis)
1350 2450 1492 2480 velocitas
1515 2450 1548 2480 in
1577 2449 1645 2480 loco
1671 2452 1780 2491 quovis
1807 2457 1832 2483 Δ
1862 2453 1904 2483 sit

1132 2501 1252 2530 semper
1266 2498 1301 2521 ut
1315 2492 1452 2522 ordinata
1467 2497 1491 2523 Δ
1510 2492 1539 2522 Ε
1554 2491 1593 2522 ad
1607 2492 1767 2530 circulum,
1788 2500 1820 2524 et
1834 2495 1904 2534 (per

1133 2533 1240 2573 Hyp.)
1256 2533 1422 2564 resistentia
1432 2539 1456 2564 A
1471 2534 1503 2564 K
1519 2535 1552 2563 in
1566 2535 1623 2564 hac
1637 2534 1745 2574 figurfi,
1761 2535 1810 2566 vel
1823 2536 1856 2567 D
1867 2535 1903 2568 K

1131 2575 1165 2605 in
1180 2572 1280 2615 figura
1293 2575 1402 2612 textus,
1426 2576 1465 2606 sit
1478 2586 1597 2615 semper
1610 2582 1646 2607 ut
1661 2577 1801 2608 velocitas
1815 2583 1840 2610 A
1857 2578 1900 2615 Ε,

1133 2617 1439 2655 οτῖιΔΚυῐΔΕς
1464 2623 1495 2648 et
1514 2618 1587 2658 quia
1609 2619 1900 2659 AE²=nA><

1134 2665 1160 2690 Δ
1178 2660 1207 2690 Β
1225 2661 1276 2701 (ex
1292 2659 1401 2690 natura
1415 2660 1548 2700 circuli),
1569 2661 1627 2690 erit
1640 2661 1731 2691 etiam
1747 2667 1772 2693 A
1791 2662 1824 2694 K
1835 2664 1851 2682 ²
1866 2669 1904 2694 ut

1132 2707 1192 2732 aA
1208 2706 1244 2738 Χ
1265 2706 1289 2732 Δ
1308 2702 1346 2738 Β,
1362 2700 1591 2742 εῐὶἀεὸίὶςυηι
1607 2703 1635 2733 Β
1654 2703 1903 2745 KVTaenip.

1133 2743 1183 2779 sis,
1199 2744 1289 2784 cujus
1302 2749 1442 2774 centrum
1455 2744 1495 2779 O,
1513 2745 1676 2776 semi-axe·
1689 2756 1708 2776 a
1724 2746 1764 2782 O,
1777 2753 1807 2777 et
1818 2747 1850 2778 0
1861 2746 1901 2783 V,

1132 2786 1165 2859 ῗί)
1176 2787 1206 2817 0
1225 2786 1256 2816 V
1270 2791 1402 2859 exgonat
1414 2786 1615 2818 resistentiam
1628 2788 1663 2818 in
1676 2794 1793 2828 puncto
1799 2787 1903 2820 meffio

1181 2838 1247 2858 ans
1260 2838 1280 2858 a
1326 2848 1335 2858 .

206 2867 257 2904 les,
281 2869 448 2910 aequalibus
464 2870 583 2901 circiter
599 2865 788 2910 temporibus
808 2868 1028 2899 describuntur.
1119 2870 1162 2911 (¹¹)
1181 2872 1198 2890 ⁸
1221 2872 1266 2902 Ut
1278 2881 1350 2901 area
1370 2871 1588 2911 semi-ellipseos
1608 2872 1704 2913 'enjus
1719 2875 1761 2905 ad
1778 2874 1803 2904 0
1824 2874 1852 2904 7
1863 2875 1900 2911 Χ

208 2910 287 2942 Sunt
302 2919 405 2942 autem
421 2912 593 2943 velocitates
607 2919 643 2943 ut
656 2913 752 2952 spatia
766 2911 872 2941 eodem
888 2912 1032 2949 temporis
1078 2915 1107 2943 B
1124 2914 1157 2943 O.
1201 2913 1263 2943 Est
1276 2912 1358 2942 enim
1373 2922 1442 2943 area
1458 2913 1510 2943 illa
1522 2926 1568 2943 =
1587 2914 1617 2944 A
1631 2925 1651 2944 a
1666 2917 1701 2952 ><
1718 2914 1740 2956 ξ
1753 2925 1773 2946 a
1789 2915 1818 2946 Β
1834 2916 1902 2957 (per

206 2960 364 2983 momento
372 2954 521 2993 descripta
537 2957 567 2995 (l
578 2956 626 2996 1);
641 2965 735 2995 quare
744 2953 954 2983 velocitatesin
965 2964 1032 2992 par·
1078 2955 1171 2993 Prop.
1189 2953 1295 2994 hanc),
1311 2954 1372 2995 αξ
1387 2965 1406 2985 a
1423 2955 1450 2985 B
1465 2968 1511 2984 =
1529 2956 1557 2986 Β
1576 2956 1606 2987 Ο
1623 2958 1692 2998 (per
1705 2956 1846 2996 constr.)-

206 2993 289 3023 tibus
304 2996 533 3045 longitudinum
551 2997 579 3026 B
595 2998 635 3034 A,
656 2998 684 3027 B
699 3008 718 3027 a
732 2994 1034 3033 correspondentibus
1120 2996 1162 3037 (⁸)
1174 2999 1196 3018 ⁴·
1220 2999 1263 3028 Ue
1276 3007 1347 3045 area
1362 2999 1553 3028 semi-circuli
1567 3001 1607 3029 ad
1617 3000 1799 3040 quadratum
1812 2998 1902 3035 radii,

207 3042 614 3112 :³3¹‘sssti1sst1nm‘zzszzmtss't
623 3038 832 3111 ¹⁹¹¹cg¹ess¹lss¹3¹ss⁸
842 3037 877 3109 ἕῖ
887 3037 1036 3110 «ἱῗὲωῗιῖὁ
1078 3039 1271 3120 ἓξῑωᾼζξῗ,
1281 3038 1904 3119 ‘llffissssszffssfflffiffifflssa

210 3120 240 3149 A
259 3120 288 3151 Β
303 3119 490 3151 describatur
504 3121 637 3153 circulus
654 3123 683 3154 B
701 3123 731 3153 E
749 3122 783 3152 H
800 3133 827 3160 a,
844 3122 942 3162 sitque
965 3122 992 3152 B
1009 3128 1033 3153 A
1079 3123 1195 3155 ratione
1209 3132 1289 3155 ηοω
1302 3122 1646 3164 circuliadquadratum
1656 3124 1794 3155 diametri
1811 3125 1899 3166 (260.

2060 2155 2066 2316 ⁴—.-.-.—..—
2062 2123 2066 2132 -
2059 2035 2066 2105 .-...„
2059 2013 2066 2020 .›
2063 1979 2066 1982 Δ
2063 1943 2066 1946 Δ
2062 1911 2066 1915 ,
2064 1887 2066 1889 .
