2066 3548
236 263 320 302 296

665 248 1116 300 PHILOSOPHIAE
1146 249 1507 300 NATURAIJIS
1574 253 1937 310 [Morssonmz

239 373 322 416 Sed
353 381 395 415 et
433 387 508 415 cur
540 372 630 414 soni
665 373 705 413 in
742 372 851 414 tubis
890 372 1261 427 stentorophonicis
1299 371 1420 414 valde
1457 367 1673 430 augentur,
1714 389 1767 417 ex
1805 369 1941 419 allatis

235 445 447 501 principiis
480 443 743 486 manifestum
776 450 851 484 est.
912 443 1058 485 Motus
1086 443 1198 484 enim
1228 443 1363 486 omnis
1396 443 1632 499 reciprocus
1671 446 1841 504 singulis
1870 453 1938 490 re'-

280 590 355 617 821.
380 587 476 618 Corol.
496 589 523 616 1.
551 584 639 615 Hinc
653 583 679 614 si
695 593 790 615 sonus
804 594 822 614 e
835 589 940 615 centro
961 581 1068 624 quovis

239 629 271 660 A
286 629 398 659 directe
412 624 599 668 propagatus
613 626 646 657 in
657 626 850 657 obstaculum
859 626 986 666 planum
997 626 1068 656 satis

236 681 388 712 magnum
407 671 434 700 Β
450 671 476 700 C
491 669 636 707 incurrat,
652 677 684 700 et
698 679 736 699 ex
754 670 784 699 A
801 668 931 699 ducatur
945 668 984 699 ad
996 669 1024 699 B
1039 669 1066 699 C

237 712 497 752 perpendicularis
523 713 552 742 A
569 712 610 748 E,
635 711 883 751 producaturque
908 710 948 741 ad
972 711 1006 741 H
1031 717 1067 742 ut

237 756 278 786 sit
305 756 334 786 E
352 755 387 785 H
411 754 538 795 aequnlis
561 754 593 784 A
610 754 661 792 E;
687 764 782 784 sonus
806 753 937 783 reflexus
962 753 1071 783 eodem

238 798 305 828 fere
326 797 420 827 modo
441 796 625 836 percipietur
643 806 680 827 ac
693 796 718 826 si
733 806 771 826 ex
787 796 856 826 loco
873 796 908 826 H
924 802 1071 836 tanquam

237 846 343 870 centro
358 838 470 871 directe
483 844 702 880 propagaretur
714 837 819 879 (194).

282 900 353 927 322.
388 890 484 928 Coroi.
510 899 541 926 2.
581 895 728 927 Similiter
752 895 776 925 si
801 905 896 926 sonus
920 906 939 925 a
963 901 1069 926 centro

238 939 347 980 quovis
364 945 554 979 propagatus
566 939 600 974 in
615 938 808 969 obstaculum
829 937 987 978 quodlibet
1007 938 1066 968 im·
1095 963 1098 968 .

239 982 357 1021 pingat,
380 991 398 1011 a
412 991 476 1021 quo
490 981 533 1011 ita
547 980 719 1011 reflectatur
732 986 769 1011 ut
782 987 851 1019 post
871 979 1067 1010 reflexionem

238 1023 316 1055 radii
338 1023 406 1054 soni
425 1024 458 1053 in
480 1029 621 1054 centrum
639 1021 726 1054 aliud
747 1029 952 1063 convergant3
973 1032 1068 1053 sonus

238 1065 369 1096 reflexus
389 1072 537 1106 tanquam
552 1075 588 1096 ex
604 1066 662 1095 hoc
677 1065 813 1096 secundo
834 1071 938 1096 centro
958 1075 1068 1105 propa-

241 1108 332 1150 gatus
347 1108 499 1138 audietur.

282 1155 353 1181 823.
382 1152 477 1182 Cor-ol.
497 1154 526 1180 3.
554 1149 648 1180 Unde
662 1149 687 1180 si
702 1149 778 1187 radii
792 1148 892 1180 sonori
907 1149 979 1180 satis
993 1149 1069 1180 den-

239 1192 266 1223 si
280 1193 319 1223 ad
333 1203 439 1223 aurem
451 1192 638 1232 appellentes
647 1199 677 1223 et
688 1192 754 1222 soni
765 1192 859 1222 unius
867 1192 1069 1223 sensationem

239 1235 450 1274 producenteS,
478 1237 517 1266 ab
537 1245 612 1265 aure
632 1235 665 1264 in
686 1234 803 1265 diversa
824 1241 928 1265 centra
942 1244 1068 1265 eonver-

239 1284 335 1318 gant;
351 1277 438 1308 locus
452 1287 490 1308 ex
505 1287 568 1319 quo
581 1287 675 1308 sonus
688 1283 885 1318 propagatur,
910 1287 974 1308 non
988 1278 1067 1308 bene

240 1319 456 1361 distinguetur.

284 1377 357 1404 324.
400 1372 433 1403 Si
461 1382 556 1403 sonus
584 1373 770 1411 producatur
798 1372 831 1402 in
863 1374 904 1409 A,
934 1378 966 1403 et

240 1414 352 1446 deinde
379 1417 418 1446 ab
443 1415 600 1446 obstaculo
624 1416 731 1455 quovis
759 1416 787 1445 B
813 1416 839 1446 C
860 1414 964 1446 reflec-

240 1463 323 1489 tatur
353 1463 500 1498 tanquam
536 1467 572 1488 ex
609 1455 714 1488 centro
743 1458 779 1488 H
815 1467 963 1498 propaga-

241 1506 309 1538 tus;
346 1499 468 1531 auditor
502 1500 536 1530 in
568 1501 637 1531 loco
669 1500 699 1531 R
727 1510 838 1530 sonum
866 1500 963 1530 direc-

241 1548 309 1573 tum
331 1552 386 1581 per
412 1542 441 1572 A
462 1543 492 1572 R.
508 1547 712 1582 propagatum
736 1542 881 1581 percipiet
902 1542 962 1581 pri-

241 1584 349 1622 mum;
376 1584 489 1617 deinde
511 1594 623 1615 sonum
647 1584 795 1615 reflexum
820 1585 905 1624 quasi
924 1594 962 1615 ex

241 1633 347 1658 centro
371 1627 406 1657 H
433 1627 655 1666 procedentem,
685 1632 846 1667 postquam
874 1633 962 1657 motu

241 1669 356 1700 directo
371 1669 504 1709 spatium
522 1672 549 1699 A
571 1669 607 1706 F,
624 1675 655 1699 et
668 1676 757 1699 motu
771 1668 884 1699 reflexo
895 1679 962 1709 spa-

239 1712 320 1743 tium
346 1712 371 1742 F
390 1713 420 1742 R.
443 1711 609 1751 descripsit,
632 1711 745 1752 audiet.
794 1711 884 1741 Idem
904 1712 962 1752 igi-

240 1760 292 1785 tur
313 1764 406 1785 sonus
421 1754 563 1784 audietur
584 1755 638 1790 bis,
666 1752 758 1784 mod&
780 1759 881 1784 tamen
902 1754 963 1784 dis-

241 1796 406 1827 tantiarum
425 1798 453 1826 A
471 1797 502 1827 R
516 1802 548 1826 et
566 1798 594 1827 A
611 1797 636 1826 F
650 1797 679 1826 R
694 1796 865 1826 differentia
879 1802 964 1829 tanta

241 1838 281 1869 sit
295 1845 332 1869 ut
345 1849 438 1869 sonus
459 1838 592 1868 directus
606 1844 637 1868 et
651 1847 744 1868 sonus
765 1837 897 1868 reflexus
911 1848 963 1867 eo-

240 1880 312 1911 dem
333 1880 467 1910 sensibili
491 1886 649 1910 momento
668 1889 820 1919 organum
841 1879 964 1910 auditus

240 1931 305 1954 non
330 1922 484 1959 afficiant3
511 1932 582 1952 nam
606 1922 632 1952 si
656 1931 750 1951 sonus
773 1920 904 1952 reflexus
925 1921 965 1952 ad

241 1974 349 1995 aurern
378 1964 548 2003 perveniret
576 1974 614 1994 eo
639 1970 785 2003 tempore,
814 1974 876 2004 quo
897 1964 965 1994 soni

241 2006 348 2046 directi
370 2006 529 2046 impressio
553 2006 653 2036 adhuc
675 2007 709 2036 in
728 2005 764 2036 ei
785 2012 964 2045 perseverat,

241 2059 306 2080 non
320 2048 473 2089 geminus,
496 2048 550 2079 sed
564 2048 711 2078 intensior
729 2047 850 2079 tantum
871 2058 966 2078 sonus

241 2091 408 2122 audiretur.
436 2090 534 2121 Porrd
548 2088 734 2130 experientia
748 2096 867 2121 constat
875 2100 966 2122 sonos

242 2134 292 2164 vix
313 2143 402 2172 posse
426 2132 594 2174 distingui;
621 2133 646 2163 si
667 2132 771 2172 plures
794 2132 888 2173 quam
913 2137 932 2164 9
953 2131 1072 2163 circiter

243 2175 368 2216 syllabae
388 2182 525 2215 tempore
546 2175 660 2205 minuti
682 2176 776 2205 unius
797 2175 924 2206 secundi
951 2186 1071 2206 succes-

242 2217 305 2249 sive
332 2218 563 2258 producantur;
593 2224 625 2248 et
653 2216 724 2258 ideo
752 2228 791 2248 ne
819 2227 913 2248 sonus
940 2218 1072 2258 reflexus

243 2270 315 2291 cum
326 2260 441 2291 directo
455 2260 673 2296 confundatur,
697 2261 777 2291 inter
791 2270 897 2290 eorum
913 2260 952 2291 ad
964 2271 1071 2291 aurem

243 2302 390 2342 appulsus
403 2302 589 2333 intercedere
604 2308 723 2342 oportet
743 2308 860 2342 partem
882 2311 996 2333 nonam
1010 2302 1071 2333 mi-

244 2346 313 2375 nuti
327 2345 422 2376 unius
438 2345 575 2383 secundi,
592 2355 654 2386 quo
668 2352 806 2384 tempore
820 2354 914 2375 sonus
928 2345 1071 2377 describit

244 2388 377 2427 spatium
410 2391 468 2418 127
502 2387 617 2426 pedum
656 2387 904 2419 Londinensium
939 2388 1066 2418 circiter.

246 2430 320 2460 Hoc
340 2430 435 2471 igitur
455 2429 553 2469 spatio
574 2431 675 2460 minor
688 2440 753 2460 esse
766 2439 830 2459 non
845 2429 936 2460 debet
955 2430 1072 2461 distan-

244 2472 356 2503 tiarum
377 2473 406 2503 A
423 2472 454 2503 R
468 2478 499 2502 et
517 2473 547 2503 A
566 2473 592 2503 F
611 2473 642 2503 R
656 2472 837 2509 differentia,
860 2478 896 2503 ut
916 2482 1072 2509 sonusre-

243 2514 341 2546 flexus
364 2513 505 2551 distincte
527 2515 641 2555 percipi
665 2516 760 2555 possit
781 2514 814 2544 in
839 2515 880 2546 R..
929 2515 1025 2551 ‘Quod
1047 2515 1073 2545 si

243 2557 365 2588 auditor
379 2557 412 2587 in
431 2558 461 2588 A
477 2557 600 2592 locetur,
624 2558 677 2588 ubi
691 2567 785 2588 sonus
806 2556 939 2588 directus
957 2557 1071 2596 produ-

243 2600 333 2636 citur,
350 2606 381 2630 et
394 2599 528 2639 spatium
544 2604 564 2631 2
581 2600 612 2630 A
630 2600 660 2631 E
675 2599 761 2641 quod
774 2609 868 2630 sonus
881 2599 1023 2630 describit
1037 2605 1073 2631 ut

244 2641 284 2672 ad
300 2648 440 2672 centrum
459 2643 490 2672 A
506 2648 575 2681 post
589 2642 786 2673 reflexionem
800 2642 834 2672 in
851 2642 880 2673 Ε
895 2641 1010 2679 redeat,
1033 2643 1073 2673 sit

247 2687 304 2715 127
323 2684 438 2723 pedum
456 2685 711 2720 Londinensium,
728 2682 860 2724 ideoque
877 2685 909 2715 A
925 2685 956 2715 Ε
972 2689 1013 2715 63
1025 2685 1072 2715 vel

245 2730 287 2757 64
310 2726 424 2765 pedum
447 2727 574 2764 circiter,
606 2727 756 2768 distingui
780 2727 890 2766 poterit
911 2737 1005 2758 sonus
1025 2737 1072 2757 re-

245 2768 343 2798 flexus
357 2780 375 2799 a
389 2768 514 2800 directo.
563 2771 595 2802 Si
617 2770 705 2810 plura
727 2769 789 2800 sint
809 2769 965 2800 obstacula
981 2769 1073 2810 ,iustis

245 2810 413 2842 intervallis
427 2811 541 2850 dissita,
558 2813 591 2843 in
606 2823 675 2853 quae
690 2822 785 2842 sonus
799 2811 912 2842 directe
927 2811 1070 2848 offendat,

245 2853 271 2882 is
286 2854 371 2892 quasi
388 2864 424 2884 ex
442 2855 531 2885 variis
544 2855 619 2886 locis
631 2855 745 2894 pluries
755 2854 902 2894 repetitus
910 2854 1071 2891 audietur3

246 2901 282 2924 ut
305 2906 376 2925 cum
406 2897 619 2932 machinarum
645 2897 822 2928 bellicarum
851 2897 1004 2938 fragorem
1025 2896 1074 2926 vel

246 2937 361 2967 tonitru
378 2940 504 2969 boatum
527 2940 722 2981 circumjecta
743 2939 872 2969 aedificia
885 2939 933 2970 vel
948 2938 1073 2969 crassio-

246 2988 295 3012 res
315 2982 412 3012 nubes
434 2981 550 3020 pluries
572 2982 717 3014 referunt.
767 2983 854 3021 Saepe
868 2982 960 3013 etiam
975 2982 1074 3012 obsta-

245 3020 317 3051 cula
331 3031 442 3052 sonum
458 3024 610 3056 directum
620 3030 752 3062 mutant,
769 3024 845 3055 dum
857 3022 1075 3055 vehementiori

246 3063 322 3094 aen’s
333 3069 463 3095 tremore
473 3076 621 3098 concussa
633 3066 714 3098 varie
725 3073 923 3099 contremunt
934 3072 964 3098 et
973 3066 1074 3097 acrem

246 3106 479 3145 repercutiendo
494 3108 650 3140 detonant-

1130 620 1131 626 ἵ
1152 586 1224 615 325.
1244 584 1295 615 Ex
1306 583 1415 615 iisdem
1423 585 1579 625 principiis
1589 587 1731 626 explicari
1745 591 1844 628 potest
1852 591 1937 622 tubas

1109 626 1221 656 vocalis
1245 637 1300 657 seu
1320 628 1595 668 stentorophonicae
1615 629 1750 661 efficacia
1769 631 1809 662 ad
1829 642 1935 664 vocem

1108 666 1299 700 articulatam
1313 668 1346 699 in
1361 670 1427 700 loca
1438 671 1571 701 maxime
1580 671 1684 702 dissita
1694 674 1932 714 propagandum.

1111 711 1191 742 Sunt
1211 711 1389 752 hujusmodi
1408 714 1492 744 tubae
1512 714 1664 744 variarum
1680 715 1860 756 figurarum,
1881 717 1936 748 sed

1113 763 1220 784 omnes
1233 753 1305 784 satis
1318 757 1466 795 angustie,
1482 755 1625 797 oblongae
1636 763 1667 787 et
1675 757 1758 788 intus
1767 759 1933 798 perpolitae,

1113 806 1176 836 quo
1200 806 1294 826 sonus
1314 796 1348 826 in
1368 803 1486 828 arctum
1507 805 1630 829 coactus
1643 799 1676 829 in
1690 799 1782 831 latius
1802 801 1936 839 spatium

1114 848 1178 869 sese
1192 838 1365 870 diffundere
1379 845 1411 869 et
1423 839 1535 870 virium
1555 840 1774 872 detrimentum
1788 844 1851 882 pati
1865 854 1935 883 pro-

1112 880 1262 917 hibeatur,
1285 891 1321 912 ac
1342 880 1419 912 radii
1440 882 1542 912 sonori
1562 883 1597 913 in
1617 883 1847 916 determinatam
1869 886 1935 925 pla·

1110 933 1183 964 gam
1197 923 1392 954 confertiores
1406 923 1586 964 dirigantur.
1630 926 1808 958 Fabrefiuut
1821 938 1859 958 ex
1869 938 1936 959 ma-

1109 965 1186 996 teria
1206 966 1246 996 ad
1267 966 1504 1005 concipiendum
1530 973 1650 997 motum
1673 969 1851 1006 tremulum,
1873 971 1936 1012 qu‘o

1110 1018 1205 1039 sonus
1229 1008 1418 1048 producitur,
1444 1007 1526 1048 apta,
1552 1016 1588 1040 ut
1609 1020 1702 1040 sonus
1721 1012 1780 1042 hoc
1802 1012 1937 1051 partium

1109 1051 1193 1081 tubae
1206 1058 1238 1082 et
1251 1051 1328 1082 a'e‘ris
1341 1052 1380 1081 ab
1394 1051 1467 1090 ipsis
1481 1051 1587 1091 agitati
1602 1053 1735 1083 tremulo
1750 1048 1838 1085 motii
1851 1054 1935 1085 mul·

1111 1092 1267 1135 tiplicatus
1286 1093 1438 1132 impetum
1451 1095 1598 1134 majorem
1613 1095 1749 1135 acquirat
1761 1097 1794 1126 et
1813 1091 1937 1137 longius

1110 1135 1326 1177 progrediendi
1340 1136 1402 1165 vim
1417 1136 1535 1167 habeat.
1584 1137 1712 1175 Optima
1725 1139 1869 1169 tubarum
1884 1149 1937 1170 vo-

1111 1175 1224 1208 catium
1239 1178 1349 1219 figura,
1366 1184 1489 1209 auctore
1503 1179 1574 1209 clar.
1589 1179 1662 1210 Joh.
1680 1180 1814 1211 Matthia
1827 1181 1935 1217 Hasio,

1109 1220 1164 1250 illa
1187 1227 1336 1258 censetur,
1363 1231 1432 1260 quae
1453 1220 1489 1251 fit
1510 1231 1546 1251 ex
1569 1223 1765 1252 conversione
1787 1224 1938 1262 parabolae

1110 1262 1190 1294 circa
1203 1262 1300 1303 ipsius
1313 1273 1412 1301 axem,
1428 1262 1544 1295 orificio
1558 1264 1672 1306 exiguo
1685 1267 1776 1302 tubae,
1799 1266 1882 1307 quod
1903 1276 1938 1296 os

1112 2132 1266 2175 loquentis
1286 2134 1423 2174 suscipit,
1445 2133 1478 2165 in
1492 2134 1559 2175 ipso
1573 2135 1643 2166 foco
1655 2133 1807 2174 paraboloe
1827 2133 1940 2165 consti·

1113 2181 1192 2206 tuto.
1239 2175 1312 2206 Hac
1326 2177 1409 2207 enim
1423 2176 1499 2208 tuba
1513 2177 1588 2208 radii
1603 2177 1715 2214 sonori,
1730 2177 1838 2207 saltem
1851 2185 1940 2217 mag-

1112 2221 1186 2247 nam
1209 2225 1334 2258 partem,
1357 2219 1559 2258 reflectuntur
1578 2220 1618 2250 ad
1631 2229 1721 2250 axem
1742 2220 1825 2259 tubae
1837 2217 1940 2261 Pffl'fl?

1113 2259 1164 2290 leli
1189 2263 1276 2302 (194.
1297 2261 1367 2291 Lib.
1388 2262 1437 2292 11.
1463 2269 1494 2293 et
1511 2263 1623 2293 Theor.
1645 2261 1716 2292 111.
1734 2261 1773 2291 de
1791 2257 1940 2291 Pan-abolus

1115 2302 1186 2333 Lib.
1207 2302 1264 2342 L).
1313 2303 1403 2334 Idem
1420 2304 1547 2340 Hasius,
1564 2314 1627 2344 quo
1635 2305 1742 2334 tubam
1758 2303 1938 2346 longiorem,

1112 2354 1176 2375 non
1190 2345 1321 2376 nimium
1343 2344 1434 2377 aucta
1454 2346 1665 2386 amplitudine,
1688 2345 1804 2382 reddat,
1827 2346 1940 2375 tubum

1113 2388 1284 2427 ellipticum
1308 2388 1479 2429 oblongum
1503 2389 1677 2428 parabolico
1694 2388 1739 2419 ita
1759 2387 1876 2429 jungit,
1902 2392 1939 2416 ut

1113 2430 1238 2469 elliptici
1252 2430 1340 2460 focus
1361 2441 1444 2461 unus
1465 2431 1606 2462 concidat
1626 2440 1699 2462 cum
1721 2430 1790 2460 foco
1810 2430 1938 2468 parabo-

1114 2473 1175 2510 lici,
1191 2479 1222 2504 et
1235 2482 1270 2503 os
1283 2472 1436 2513 loquentis
1449 2473 1482 2503 in
1496 2473 1592 2504 altero
1603 2472 1811 2511 ellipticirfooo
1825 2469 1938 2502 consti-

1114 2521 1239 2552 tuatur;
1264 2513 1327 2557 qua
1349 2515 1465 2545 ratione
1486 2515 1522 2546 fit
1542 2521 1579 2546 ut
1598 2515 1676 2546 radii
1696 2513 1763 2544 soni
1784 2514 1822 2544 ab
1837 2523 1889 2544 ore
1903 2513 1936 2550 in

1114 2559 1189 2589 tubo
1203 2557 1337 2597 elliptico
1347 2557 1386 2588 ad
1397 2558 1502 2588 focum
1517 2556 1681 2598 parabolici
1696 2555 1805 2595 partim
1820 2554 1937 2591 directi,

1114 2601 1225 2640 partim
1238 2599 1342 2631 reflexi
1355 2599 1527 2640 dirigantur
1542 2603 1611 2642 (per
1623 2598 1735 2630 Theor.
1754 2596 1813 2628 lv,
1828 2596 1867 2628 de
1880 2596 1939 2628 El-

1114 2643 1210 2684 lipsi),
1234 2649 1265 2673 et
1287 2642 1399 2674 deinde
1422 2644 1455 2672 in
1480 2644 1556 2673 tubo
1577 2641 1759 2682 parabolice,
1785 2646 1822 2671 ut
1841 2637 1938 2670 modo

1115 2686 1232 2716 dictum
1247 2690 1301 2721 est,
1324 2684 1565 2725 progrediantur.
1609 2683 1740 2714 Limbus
1760 2683 1854 2719 tubae,
1876 2691 1940 2722 qua

1115 2735 1201 2768 parte
1215 2727 1402 2767 amplissima
1415 2732 1470 2764 est,
1485 2725 1607 2767 quaque
1621 2735 1714 2755 sonus
1728 2724 1886 2759 emittitur.
1899 2722 1940 2754 ad

1114 2771 1247 2801 formam
1271 2770 1421 2801 labiorum
1442 2767 1649 2800 recurvandus
1670 2774 1724 2804 est,
1749 2776 1812 2807 quo
1836 2766 1940 2796 minue

1115 2813 1260 2844 effectum
1274 2814 1358 2843 tubae
1372 2813 1493 2843 turbare
1507 2810 1600 2851 possit
1614 2810 1690 2840 a‘e‘ris
1711 2808 1827 2840 externi
1841 2808 1874 2838 in
1887 2814 1939 2838 tu-

1116 2857 1187 2886 bam
1202 2855 1344 2886 irruentis
1357 2860 1469 2884 motus.
1517 2853 1598 2883 Haec
1623 2852 1727 2882 omnia
1748 2850 1818 2882 fuse
1837 2856 1870 2881 et
1889 2859 1940 2882 ao-

1116 2897 1221 2929 curate
1243 2897 1379 2937 exposita
1400 2895 1494 2932 vides,
1523 2895 1556 2924 in
1581 2894 1647 2934 ipsa
1668 2893 1784 2925 laudati
1809 2891 1941 2924 auctoris

1119 2940 1341 2971 Dissertatione
1378 2936 1747 2979 Physico-Mathematica
1773 2934 1814 2966 de
1843 2933 1942 2966 'rubis
1957 2953 1960 2958 -

1121 2982 1296 3013 Stentoreia·
1864 3015 1866 3017 ‚

1161 3027 1177 3045 ⁴
1196 3025 1294 3055 Tubis
1308 3021 1466 3054 stentoreis
1480 3020 1720 3053 annumerandae
1742 3025 1814 3051 sunt
1834 3028 1942 3050 omnes

1117 3068 1200 3098 tubae
1221 3067 1366 3097 militares
1378 3070 1432 3096 aut
1446 3065 1609 3094 venatoriae
1623 3063 1685 3095 sive
1700 3069 1791 3094 rectae
1809 3062 1874 3101 sive
1892 3061 1940 3092 in-

1118 3119 1227 3147 curvae,
1255 3109 1386 3149 exiguus
1407 3107 1490 3138 enim
1512 3106 1619 3138 sibilus
1633 3115 1726 3148 quem
1740 3102 1803 3136 edit
1818 3103 1941 3135 tubicen
