2066 3548
208 260 290 298 154

451 438 828 481 PROPOSITIO
860 438 1059 480 XXVII.

635 255 1085 299 PHILOSOPHIAE
1118 256 1481 300 NATURALIS
1551 258 1693 310 [Mor.
1721 257 1926 300 Consort-

1121 438 1481 513 Ti-IEOREMA
1517 439 1672 482 XXII.

208 554 256 597 Si
285 555 515 609 corporibus
530 555 824 610 funependulis
851 555 1052 596 resistitur
1073 555 1117 595 in
1137 552 1342 607 duplicatd
1371 554 1528 595 ratione
1547 556 1805 606 velocitatum,
1838 558 1924 612 dif-

249 627 446 681 serentioe
474 627 580 666 inter
600 632 777 679 tempora
799 627 1088 667 oscillationum
1109 626 1153 666 in
1173 626 1300 667 medio
1319 628 1525 668 resistente
1544 642 1592 668 ac
1611 634 1787 682 tempora
1805 630 1919 670 oscil-

266 701 457 741 lationum
474 700 517 740 in
531 699 697 753 ejusdem
712 701 933 754 gravitatis
943 699 1133 752 specifi'cae
1147 700 1276 740 medio
1291 713 1371 740 non
1378 702 1602 758 resistente,
1625 706 1740 741 erunt
1754 700 1922 742 arcubus

265 771 480 811 oscillando
500 771 707 824 descriptis
717 771 1042 824 proportionales
1062 783 1178 824 quam
1192 769 1389 823 prooeime.

268 884 317 939 (²)
350 883 460 925 Nam
490 884 681 939 pendulis
716 884 940 941 aequalibus
975 884 1019 925 in
1051 884 1190 926 medio
1229 884 1444 926 resistente
1478 885 1766 928 describantur
1799 900 1921 927 arcus

207 956 430 1012 inaequales
452 956 505 1007 A,
530 956 568 998 B
579 972 591 1006 3
625 964 666 998 et
694 956 925 998 resistentia
955 956 1140 1012 corporis
1166 956 1210 997 in
1240 970 1339 997 arcu
1370 956 1424 1007 A,
1456 957 1533 998 erit
1561 957 1615 998 ad
1648 957 1920 1004 resistentiam,

254 1085 302 1129 (²)
320 1089 338 1108 ‘¹
356 1089 445 1120 Nam
464 1090 607 1129 pendulis
621 1090 791 1129 aequalibus
804 1090 837 1120 in
848 1090 943 1120 medio
958 1090 1045 1120 resis-
1087 1089 1141 1129 qui
1156 1098 1231 1129 ergo
1245 1088 1414 1129 aequalibus
1427 1088 1618 1127 temporibus
1631 1086 1850 1122 describentur,
1865 1088 1920 1117 sed

209 1134 287 1160 tente
301 1132 509 1162 describantur
523 1143 616 1163 arcus
630 1133 792 1172 inaequales
816 1133 847 1162 A
862 1138 890 1162 et
905 1134 946 1166 B,
972 1133 989 1151 ⁸*
1006 1131 1046 1161 ad
1087 1136 1210 1170 tempus
1223 1141 1286 1171 quo
1301 1131 1482 1162 describitur
1495 1131 1620 1162 arculus
1633 1141 1652 1161 a
1662 1135 1708 1162 est
1720 1130 1749 1160 T
1761 1130 1804 1172 -Ι-

210 1171 380 1209 pleniorem
416 1174 509 1214 hujus
541 1173 808 1204 demonstrationis
843 1173 1039 1211 evidentiam,

207 1212 343 1254 fingatur
356 1214 426 1245 illos
440 1226 529 1245 arcus
542 1216 576 1245 in
590 1215 719 1246 totidem
728 1221 829 1255 partes
839 1226 933 1256 quam
947 1216 1040 1246 mini-

208 1264 273 1285 mas
287 1256 366 1286 inter
380 1267 411 1287 se
427 1258 559 1297 aequales
573 1258 678 1295 dividi,
701 1258 833 1298 singulae
854 1258 888 1288 in
909 1264 1040 1299 utroque

207 1307 281 1328 arcu
304 1305 396 1329 erunt
420 1300 492 1330 totis
516 1302 649 1331 arcubus
671 1300 913 1339 proportionales
934 1300 1038 1331 dican-

207 1346 318 1380 turque
332 1351 350 1371 a
365 1347 396 1371 et
409 1343 441 1379 b,
466 1342 492 1373 si
513 1343 653 1374 medium
668 1348 723 1373 aut
737 1353 800 1373 non
816 1343 968 1374 resisteret
989 1349 1043 1374 aut

209 1383 360 1414 resisteret
373 1384 406 1414 in
417 1385 535 1416 ratione
545 1385 754 1422 velocitatum,
769 1385 943 1416 velocitates
953 1385 1043 1416 initio

205 1425 426 1464 particularum
447 1428 625 1467 quarumvis
645 1428 950 1467 correspondentium
973 1439 991 1459 a
1011 1434 1043 1459 et

206 1468 237 1504 b,
261 1468 363 1499 forent
377 1475 413 1499 ut
427 1479 515 1500 arcus
529 1470 587 1508 ipsi
606 1471 635 1500 A
648 1475 680 1500 et
697 1471 725 1500 B
735 1482 744 1507 ;
768 1477 799 1500 at
813 1470 846 1500 in
868 1470 972 1500 medio
993 1481 1042 1501 re-

207 1509 331 1541 sistente
345 1510 379 1540 in
393 1511 510 1542 ratione
524 1510 682 1551 duplicata
696 1512 863 1543 velocitatis
884 1513 979 1552 paulo
993 1513 1040 1543 di-

206 1562 292 1583 versa
306 1553 364 1584 erit
377 1555 443 1584 haec
454 1554 649 1585 velocitatum
666 1555 752 1592 ratio,
769 1555 823 1586 sed
837 1560 960 1594 propter
973 1556 1039 1586 exi-

206 1605 303 1635 guam
312 1596 461 1626 rationem
470 1596 648 1627 resistentiae
661 1597 700 1627 ad
712 1597 913 1635 velocitatem,
923 1598 1041 1638 negligi

207 1639 319 1677 poterit
332 1638 398 1669 haec
413 1638 594 1676 differentia,
617 1645 648 1670 et
662 1640 794 1684 supponi
809 1646 909 1679 potest
929 1641 1041 1670 veloci-

206 1685 284 1710 tates
298 1690 423 1711 manere
437 1681 470 1711 in
484 1682 602 1713 ratione
616 1692 745 1712 arcuum
767 1692 861 1722 quam
882 1682 1040 1722 proxime3

206 1722 290 1762 quod
315 1723 340 1753 si
365 1723 408 1754 ita
436 1730 628 1764 supponatur
652 1726 820 1756 resistentia
847 1727 979 1765 corporis
1006 1727 1042 1757 in

205 1765 313 1805 quovis
322 1772 441 1805 puncto
450 1778 541 1798 arcus
554 1769 584 1797 A
595 1769 650 1798 erit
664 1769 705 1798 ad
719 1769 922 1798 resistentiam
937 1778 1042 1808 corpo-

205 1810 247 1839 ris
256 1809 288 1840 in
293 1814 382 1848 parte
394 1812 642 1850 correspondente
653 1820 744 1841 arcus
761 1812 797 1846 Β,
808 1809 888 1840 sicut
896 1809 1043 1849 quadrata

205 1850 403 1881 velocitatum
430 1851 463 1881 in
493 1852 617 1890 punctis
644 1852 707 1882 illis
735 1852 1043 1890 correspondentibus

205 1902 314 1922 eorum
329 1903 469 1930 arcuum,
495 1893 529 1924 id
550 1900 596 1924 est
616 1900 652 1924 ut
674 1897 825 1935 quadrata
839 1896 975 1934 ipsorum
990 1907 1040 1925 ar.

206 1945 302 1966 cuum
318 1936 349 1966 A
363 1937 395 1966 A
409 1941 436 1967 et
453 1938 484 1967 B
498 1938 530 1967 B
544 1948 639 1977 quam
655 1935 800 1977 proxime.
850 1937 1042 1978 Designetur

204 1986 277 2008 vero
300 1977 443 2008 velocitas
468 1978 557 2009 initio
579 1988 669 2010 arcus
689 1989 708 2009 a
729 1989 783 2018 per
799 1989 816 2008 v
834 1979 876 2016 A,
899 1985 930 2009 et
951 1979 1039 2011 initio

204 2029 294 2050 arcus
315 2021 335 2051 b
349 2030 432 2059 perv
450 2021 490 2051 B.
538 2022 731 2062 Designetur
755 2031 846 2060 porro
870 2021 1039 2053 resistentia

205 2061 294 2093 initio
319 2072 410 2094 arcus
424 2074 442 2094 a
463 2073 518 2103 per
538 2074 570 2102 m
590 2066 619 2094 A
639 2065 681 2101 A,
708 2069 739 2094 et
759 2063 928 2094 resistentia
949 2064 1039 2095 initio

205 2114 295 2135 arcus
319 2106 340 2136 b
364 2115 419 2144 per
439 2116 472 2135 m
490 2106 518 2137 B
537 2096 585 2144 133
612 2106 645 2136 in
666 2106 770 2137 medio
794 2116 858 2136 non
882 2106 1040 2138 resistente

205 2148 398 2186 tempuscula
425 2148 539 2189 quibus
566 2149 699 2189 singulae
728 2148 886 2188 particulae
912 2159 930 2179 a
958 2156 990 2180 et
1018 2151 1038 2180 b

204 2188 415 2221 describentur
429 2197 520 2221 erunt
534 2191 675 2231 aequalia,
693 2193 762 2233 (per
779 2191 871 2231 Prop.
892 2191 941 2222 11.
962 2192 1033 2223 Lib.

206 2231 255 2271 Ι.)
271 2231 472 2274 designentur
486 2232 558 2263 vero
572 2244 626 2273 per
643 2234 691 2272 T;
715 2244 788 2264 cum
803 2244 876 2274 ergo
890 2233 924 2264 in
935 2234 1038 2266 medio

203 2274 361 2306 resistente
369 2281 493 2315 propter
504 2275 695 2307 velocitatem
705 2276 902 2306 imminutam
913 2276 1038 2318 longius

205 2315 259 2347 fiat
273 2324 395 2358 tempus
410 2319 442 2348 in
459 2317 578 2349 inversa
601 2319 718 2349 ratione
739 2318 938 2350 velocitatum
959 2326 996 2350 ut
1016 2330 1037 2350 x

205 2369 346 2390 excessus
366 2360 418 2390 ille
439 2361 624 2400 tempusculi
646 2372 708 2401 quo
722 2371 811 2392 arcus
825 2372 843 2391 a
858 2361 1039 2393 describitur

204 2401 239 2432 iu
252 2403 355 2433 medio
370 2403 527 2433 resistente
538 2414 629 2443 supra
640 2404 870 2443 tempusculum
881 2415 943 2445 quo
954 2405 1037 2435 idem

204 2454 294 2476 arcus
307 2446 342 2475 in
356 2445 459 2476 medio
474 2455 537 2475 non
559 2447 716 2477 resistente
736 2447 925 2486 percurritur
944 2448 1036 2477 habe·

204 2487 348 2528 biturque
357 2498 394 2518 ex
406 2487 624 2528 hypothesibus
635 2499 652 2519 v
669 2490 698 2519 A
709 2506 752 2513 —
760 2499 794 2519 m
808 2491 838 2519 A
851 2490 901 2520 A:
918 2499 938 2519 v
951 2489 981 2520 A
991 2501 1037 2519 =

208 2531 256 2561 T:
273 2531 302 2561 T
317 2531 360 2573 -1-
377 2540 407 2561 x.

250 2573 296 2604 Ut
316 2573 491 2604 inveniatur
515 2573 592 2605 ratio
614 2575 707 2616 hujus
733 2585 875 2605 excessus
888 2584 909 2604 x
923 2573 963 2605 ad
984 2584 1037 2604 ex-

206 2626 326 2646 cessum
337 2615 522 2655 tempusculi
530 2627 592 2657 quo
604 2627 692 2648 arcus
702 2617 882 2648 describitur
892 2617 925 2646 in
935 2617 1038 2647 medio

206 2658 363 2689 resistente
379 2658 551 2689 secundum
572 2660 674 2701 legem
691 2659 878 2698 duplicatam
893 2659 1036 2690 velocita-

205 2700 254 2738 tis,
281 2711 373 2740 supra
393 2701 623 2741 tempusculum
639 2702 678 2739 Τ,
702 2711 765 2742 quo
790 2701 873 2732 idem
894 2711 983 2732 arcus
1004 2701 1037 2732 in

206 2743 309 2774 medio
334 2754 398 2775 non
427 2744 584 2775 resistente
611 2744 798 2784 percurritur
807 2755 817 2782 ;
846 2751 1038 2783 supponatur

207 2795 312 2815 arcum
330 2787 358 2817 B
374 2787 406 2817 in
422 2787 475 2817 tali
497 2787 601 2818 medio
622 2786 750 2817 describi
765 2792 801 2817 ut
814 2786 983 2817 resistentia
1004 2787 1038 2816 in

206 2828 329 2866 punctis
343 2839 362 2859 a
375 2828 464 2860 arcus
481 2829 522 2866 A,
546 2829 586 2860 sit
599 2829 640 2860 ad
653 2829 854 2860 resistentiam
869 2828 902 2858 in
916 2829 1039 2868 punctis

207 2871 513 2910 correspondentibus
533 2873 554 2903 b
568 2871 657 2903 arcus
673 2872 711 2908 B,
735 2871 815 2902 sicut
833 2872 861 2902 A
878 2878 924 2902 est
939 2871 977 2902 ad
996 2872 1035 2909 B,

207 2911 338 2953 ideoque
352 2914 432 2945 sicut
446 2914 621 2946 velocitates
641 2914 730 2945 initio
751 2924 880 2945 arcuum
900 2913 1035 2952 illorum,

206 2953 270 2984 sive
295 2965 367 2985 cum
388 2956 558 2987 resistentia
578 2957 612 2987 in
627 2968 646 2988 a
659 2957 698 2988 sit
711 2967 744 2987 m
762 2957 792 2987 A
811 2959 842 2987 A
869 2957 1039 2987 resistentia

206 2995 240 3026 in
254 2998 274 3027 b
289 2997 424 3038 fingatur
438 3009 503 3029 esse
517 3009 550 3029 rn
567 2999 598 3030 A
617 3000 657 3037 B,
681 2998 752 3030 cum
772 3009 847 3041 ergo
859 2999 1039 3030 resistentiae

207 3037 269 3069 sint
303 3039 336 3069 in
371 3040 436 3079 ipsa
472 3041 590 3072 ratione
625 3042 831 3078 velocitatum.
865 3041 1039 3072 velocitates

207 3080 339 3121 demptis
358 3082 534 3113 resistentiis
555 3086 726 3115 manebunt
739 3085 772 3114 in
787 3082 896 3115 eadem
910 3083 1037 3122 ratione,

207 3123 240 3153 in
254 3123 372 3155 ratione
386 3134 498 3164 nempe
512 3136 642 3157 arcuum
653 3126 919 3159 describendorum
935 3137 953 3158 a
968 3132 998 3158 et
1008 3128 1038 3165 b,

1816 1140 1834 1159 x
1846 1139 1921 1170 ergo

1083 1173 1110 1203 si
1124 1173 1294 1204 resistentia
1307 1173 1341 1203 in
1356 1183 1430 1204 arcu
1445 1174 1483 1210 B,
1496 1173 1587 1204 siveb
1601 1173 1640 1203 sit
1650 1183 1684 1203 ru
1698 1172 1729 1202 A
1744 1173 1771 1203 Β
1787 1171 1920 1213 ideoque

1083 1215 1227 1246 velocitas
1241 1215 1280 1246 sit
1294 1226 1312 1246 v
1330 1217 1358 1246 B
1373 1233 1417 1241 —
1429 1226 1462 1246 m
1481 1217 1509 1246 A
1528 1216 1557 1247 B
1580 1222 1703 1255 tempus
1723 1224 1786 1256 quo
1807 1214 1919 1246 descri-

1086 1259 1177 1289 betur
1191 1268 1281 1288 arcus
1293 1259 1314 1288 b
1330 1258 1388 1289 erit
1401 1258 1494 1288 etiam
1512 1259 1540 1289 T
1556 1258 1599 1300 4
1617 1269 1647 1288 x.

1128 1300 1212 1331 Cum
1233 1306 1337 1331 autem
1358 1301 1463 1331 revera
1483 1301 1655 1331 resistentia
1679 1300 1769 1330 initio
1789 1309 1878 1330 arcus
1898 1301 1920 1330 b

1085 1352 1150 1373 non
1175 1342 1215 1373 sit
1238 1353 1270 1372 m
1289 1344 1320 1373 A
1338 1343 1366 1376 B
1394 1343 1447 1374 sed
1473 1353 1505 1373 m
1524 1343 1552 1373 B
1571 1344 1610 1380 B,
1637 1343 1662 1373 si
1683 1353 1703 1382 y
1718 1343 1757 1372 sit
1778 1352 1920 1372 excessus

1085 1385 1273 1424 tempusculi
1294 1385 1327 1415 in
1348 1396 1411 1426 quo
1425 1387 1446 1416 b
1460 1385 1642 1416 describitur
1655 1386 1688 1415 in
1704 1384 1807 1414 medio
1828 1384 1918 1414 resis-

1085 1433 1170 1458 tente
1191 1428 1283 1469 juxta
1296 1428 1445 1468 quadrata
1465 1427 1661 1458 velocitatum
1683 1437 1776 1466 supra
1797 1433 1921 1466 tempus

1085 1480 1147 1510 quo
1162 1469 1245 1501 idem
1260 1481 1349 1501 arcus
1363 1471 1395 1500 in
1411 1470 1514 1501 medio
1528 1480 1591 1501 non
1614 1470 1772 1500 resistente
1792 1478 1919 1508 percur-

1083 1512 1171 1549 ritur,
1199 1513 1256 1542 erit
1281 1518 1402 1552 tempus
1430 1513 1459 1543 T
1475 1513 1518 1555 4-
1535 1523 1555 1542 x
1580 1514 1619 1543 ad
1644 1518 1765 1550 tempus
1792 1512 1878 1553 '1¹4-
1898 1521 1920 1551 y

1083 1554 1236 1594 reciproce
1250 1554 1330 1585 sicut
1344 1555 1487 1586 velocitas
1501 1566 1519 1585 v
1537 1556 1565 1586 B
1579 1573 1623 1580 —
1636 1565 1669 1585 m
1686 1556 1712 1585 A
1728 1555 1756 1585 B
1766 1563 1836 1594 quae
1845 1564 1918 1593 sup-

1084 1599 1264 1636 ponebatur,
1287 1597 1326 1627 ad
1341 1597 1531 1628 velocitatem
1547 1608 1566 1627 v
1585 1598 1613 1628 B
1629 1615 1670 1621 -
1685 1607 1716 1627 m
1737 1597 1764 1627 B
1784 1597 1822 1633 B,
1846 1596 1918 1626 erit-

1084 1650 1146 1679 que
1166 1639 1237 1670 ideo
1257 1639 1917 1671 vB—mBBade—mAB=

1087 1682 1117 1712 T
1132 1682 1175 1724 ή-
1192 1692 1222 1719 x,
1239 1681 1280 1712 ad
1297 1682 1326 1712 T
1340 1683 1383 1724 -ἦ-
1397 1693 1426 1722 y,
1450 1692 1522 1713 cum
1538 1692 1612 1723 ergo
1642 1681 1805 1714 subtractio
1818 1691 1916 1721 quan-

1085 1725 1208 1755 titatum
1225 1735 1256 1754 m
1274 1725 1303 1756 B
1323 1725 1362 1762 B,
1386 1735 1418 1754 m
1437 1727 1466 1756 A
1484 1726 1513 1755 B
1536 1735 1572 1755 ex
1590 1725 1745 1755 velocitate
1767 1733 1786 1752 v
1802 1723 1832 1754 B
1847 1733 1917 1762 pro-

1085 1767 1179 1798 ducat
1202 1777 1343 1797 excessus
1364 1777 1383 1796 x
1400 1773 1430 1798 et
1444 1778 1464 1808 y
1485 1777 1577 1805 supra
1598 1773 1719 1805 tempus
1735 1767 1774 1802 T,
1797 1771 1917 1804 oportet

1086 1815 1123 1840 ut
1143 1809 1206 1839 illae
1227 1811 1413 1850 quantitates
1433 1810 1511 1840 m-13
1532 1811 1569 1843 B,
1593 1819 1625 1838 m
1644 1810 1673 1839 A
1695 1809 1732 1844 B,
1759 1808 1819 1838 sint
1839 1808 1915 1838 reci-

1086 1850 1179 1891 proce
1199 1857 1358 1891 utxety‚
1385 1852 1439 1882 sed
1460 1861 1492 1881 m
1512 1852 1540 1882 A
1561 1852 1587 1882 B
1604 1859 1679 1881 etm
1698 1851 1724 1880 B
1742 1851 1860 1880 Bsunt
1880 1856 1917 1881 ut

1087 1895 1119 1924 A
1134 1893 1174 1924 ad
1191 1894 1231 1929 B,
1247 1903 1321 1934 ergo
1339 1895 1369 1924 A
1381 1899 1426 1924 est
1440 1894 1479 1924 ad
1497 1894 1536 1931 B,
1552 1894 1631 1924 sicut
1645 1904 1664 1923 x
1675 1899 1721 1924 est
1735 1893 1774 1923 ad
1783 1903 1812 1932 y,
1829 1891 1918 1924 ideo-

1084 1947 1145 1977 que
1160 1946 1301 1967 excessus
1315 1946 1334 1966 x
1350 1938 1496 1975 temporIs
1510 1947 1599 1967 arcus
1618 1938 1644 1965 A
1663 1936 1695 1965 in
1710 1935 1814 1965 medio
1826 1935 1915 1966 resis-

1083 1984 1167 2009 tente
1181 1979 1214 2008 in
1229 1977 1387 2017 duplicata
1407 1979 1525 2009 ratione
1547 1978 1714 2009 velocitatis
1728 1987 1821 2016 supra
1834 1983 1914 2007 tem-

1082 2031 1143 2060 pus
1163 2021 1197 2051 in
1218 2021 1327 2052 eodem
1351 2031 1425 2051 arcu
1442 2024 1472 2051 A
1489 2021 1522 2050 in
1537 2020 1640 2051 medio
1660 2030 1724 2050 non
1747 2020 1917 2058 resistente,

1082 2069 1128 2094 est
1142 2063 1181 2094 ad
1196 2073 1355 2095 excessum
1375 2073 1396 2103 y
1417 2063 1563 2102 temporis
1588 2073 1676 2093 arcus
1701 2063 1730 2093 B
1751 2062 1784 2092 in
1805 2062 1916 2093 eodem

1082 2106 1187 2136 medio
1207 2116 1300 2145 supra
1321 2111 1444 2145 tempus
1458 2106 1490 2136 in
1505 2105 1614 2136 eodem
1629 2115 1702 2136 arcu
1721 2106 1750 2136 B
1763 2105 1796 2134 in
1810 2105 1920 2136 medio

1083 2158 1147 2179 non
1161 2149 1327 2182 resistente,
1344 2155 1380 2179 ut
1394 2159 1483 2179 arcus
1500 2148 1531 2179 A
1546 2149 1586 2179 ad
1600 2158 1706 2178 arcum
1725 2148 1764 2185 B,
1780 2157 1916 2188 cumque

1081 2190 1165 2221 idem
1192 2191 1389 2222 ratiocinium
1416 2191 1450 2221 in
1479 2191 1624 2221 omnibus
1647 2191 1781 2221 arcubus
1803 2199 1914 2231 quam-

1081 2234 1218 2264 minimis
1232 2245 1251 2265 a
1265 2240 1296 2265 et
1308 2236 1329 2265 b
1343 2234 1476 2264 instituti
1491 2234 1594 2272 possit,
1618 2243 1749 2263 summas
1769 2231 1913 2263 omnium

1081 2286 1263 2307 excessuum
1286 2276 1550 2316 tempusculorum
1574 2276 1607 2306 in
1629 2286 1702 2306 arcu
1728 2277 1770 2312 A,
1795 2274 1853 2305 erit
1873 2273 1914 2304 ad

1080 2329 1236 2349 summam
1250 2319 1391 2350 omnium
1407 2328 1588 2349 excessuum
1602 2317 1866 2357 tempusculorum
1878 2316 1914 2346 in

1081 2361 1408 2392 arcuButAadB.
1455 2362 1496 2397 Q„
1515 2371 1541 2391 e.
1561 2360 1590 2391 d.

1125 2406 1143 2424 ⁸*
1163 2404 1258 2440 Quod
1270 2414 1410 2435 excessus
1420 2413 1440 2433 x
1452 2410 1482 2434 et
1493 2414 1511 2443 y
1522 2403 1786 2442 tempusculorum
1799 2402 1914 2444 quibus

1081 2446 1296 2477 describuntur
1318 2456 1407 2477 arcus
1427 2456 1447 2476 a
1467 2453 1499 2477 et
1519 2447 1548 2481 b,
1575 2445 1608 2475 in
1630 2445 1734 2475 medio
1753 2445 1914 2476 resistente

1075 2488 1167 2529 juxta
1195 2490 1344 2519 rationem
1368 2488 1556 2527 duplicatam
1579 2487 1786 2525 velocitatum,
1819 2496 1914 2526 supra

1081 2538 1204 2570 tempus
1224 2541 1287 2572 quo
1308 2531 1551 2561 describerentur
1571 2531 1604 2560 in
1626 2530 1731 2560 medio
1745 2539 1808 2560 non
1822 2529 1910 2560 resis-

1081 2579 1165 2604 tente
1179 2573 1239 2604 sint
1253 2580 1289 2604 ut
1307 2574 1335 2603 A
1352 2579 1383 2604 et
1397 2574 1436 2610 B,
1447 2583 1482 2604 ex
1495 2573 1642 2612 superiori
1652 2572 1914 2603 demonstratione

1081 2615 1143 2647 alio
1167 2615 1261 2646 modo
1282 2616 1348 2646 erui
1370 2621 1476 2655 potest.
1526 2615 1610 2646 Nam
1625 2615 1821 2646 manentibus
1841 2624 1913 2656 qua

1079 2658 1143 2689 illic
1157 2668 1357 2698 posueramus
1371 2664 1424 2689 est.
1906 2664 1917 2700 j

1122 2699 1913 2743 vA—mAA:vA=T:T-{—xestetiam

1080 2743 1174 2774 simili
1188 2744 1338 2775 rationev
1355 2743 1479 2774 B—m
1494 2743 1523 2774 B
1539 2744 1619 2774 B:v
1634 2742 1913 2786 B=T2T÷y

1081 2792 1113 2817 et
1126 2786 1293 2817 dividendo
1306 2786 1340 2816 in
1356 2791 1486 2827 utraque
1500 2786 1695 2826 proportione
1708 2786 1745 2817 fit

1206 2829 1820 2860 vA—mAAzmAA=T:x

1206 2871 1424 2902 vB—mB
1451 2871 1602 2902 B:mB
1627 2871 1835 2912 B=T:y.

1084 2913 1144 2945 Sed
1174 2915 1214 2946 ob
1243 2914 1442 2955 exiguitatem
1467 2913 1645 2945 resistentiae
1673 2913 1842 2944 velocitatis
1862 2922 1912 2944 re-

1081 2963 1188 2996 spectu
1214 2956 1329 2988 assumi
1351 2962 1451 2996 potest
1475 2967 1494 2986 v
1512 2957 1542 2987 A
1558 2975 1600 2981 —
1611 2966 1644 2987 m
1662 2957 1692 2987 A
1711 2957 1741 2988 A
1763 2966 1819 2997 pro
1832 2965 1854 2993 v
1864 2955 1911 2992 Ἀ,

1082 3005 1113 3030 et
1137 3010 1156 3030 v
1179 2999 1358 3031 'B—mB
1384 2999 1413 3030 Β
1439 3009 1496 3039 pro
1519 3009 1537 3030 v
1561 3000 1601 3037 Β,
1632 2999 1718 3030 unde
1745 3004 1791 3030 est
1817 3007 1912 3040 quam

1081 3041 1220 3082 proxime

1209 3084 1620 3116 vAthA=T=1

1210 3124 1915 3167 szmBB=szetreducendopri=
