2066 3548
209 246 290 284 142
634 234 1086 280 PHILOSOPHIAE
1108 227 1468 276 NAT'URALIS
1541 234 1688 286 [Mor.
1711 234 1912 283 Cossrolu

1672 348 1897 391 SAcub.

1722 404 1915 472 SAq’

664 502 693 555 ·)
727 506 942 543 sumantur
975 499 1019 540 in
1053 497 1342 554 progressione
1375 496 1654 540 arithmetica·
1642 513 1667 548 ;
1694 497 1918 543 densitates

208 395 302 424 rum
340 379 628 421 distantiarum
669 377 699 418 S
730 376 784 427 A,
820 375 851 417 S
881 374 933 425 B,
967 374 997 416 S
1020 373 1070 424 C,
1111 372 1188 414 διο.
1223 372 1435 427 reciproca
1470 376 1636 428 (nempe

211 482 242 524 S
262 482 303 524 A
323 480 417 523 cub.
469 479 499 522 S
520 479 561 520 A
581 478 673 519 cub.

239 549 270 591 S
292 547 329 589 B
350 562 378 603 q
210 535 432 555 ψ’
503 547 534 588 S
556 545 593 586 C
613 559 641 600 q

210 619 251 661 A
274 618 334 669 H,
359 618 396 660 B
418 618 453 667 Ι,
486 617 524 659 C
548 615 604 667 K,
635 615 711 656 &c.
742 621 864 657 erunt
882 613 926 654 in
945 609 1237 667 progressione
1264 610 1528 668 geometrica.
1591 610 1648 653 Et
1676 611 1712 653 si
1738 612 1919 669 gravitas

208 689 461 731 diminuatur
488 687 533 728 in
552 685 791 744 quadrupli-

209 759 298 802 cata
314 759 476 800 ratione
492 757 795 805 distantiarum,

209 839 251 874 et
280 830 482 872 cuborum
511 829 802 871 distantiarum
867 819 899 852 F

210 927 423 984 reciproca
453 930 573 982 (puta
594 902 798 1011 Ξέεἶῖὼς,
870 920 898 952 13

215 1041 414 1116 SAqq
455 1040 655 1116 SAqq
697 1065 804 1117 δίε.)
866 1011 899 1107 ζ

213 1108 243 1150 S
253 1108 290 1150 B
304 1095 414 1149 cub?
449 1109 479 1150 S
495 1107 531 1149 C
544 1095 655 1148 cub?
870 1128 900 1158 B

868 1174 900 1206 'A

210 1187 426 1221 sumantur
445 1181 488 1221 in
508 1180 802 1238 progressione

209 1250 496 1302 arithmetica;
575 1252 802 1295 densitates

210 1324 252 1365 A
270 1322 332 1374 H,
351 1323 388 1365 B
403 1322 439 1374 1,
459 1323 496 1365 C
514 1323 570 1374 K,
592 1324 668 1366 &c.
683 1332 806 1367 erunt

207 1396 253 1435 in
271 1395 563 1452 progressione
576 1396 801 1452 geometri-
896 1404 919 1433 S
1209 1417 1216 1423 ·
1251 1411 1275 1434 z
1303 1407 1334 1440 y
1356 1405 1384 1425 x
1451 1410 1495 1438 w
1610 1408 1635 1424 ¹²
1856 1410 1872 1430 t

209 1464 270 1506 ca.
332 1465 388 1507 Et
417 1466 475 1507 sic
503 1466 548 1507 in
577 1466 797 1510 infinitum.

212 1535 375 1577 Rursus
407 1536 442 1577 si
470 1537 648 1593 gravitas
676 1539 972 1593 particularum
999 1539 1119 1582 fluidi
1152 1539 1197 1581 in
1226 1539 1419 1581 omnibus
1448 1539 1653 1582 distantiis
1680 1539 1827 1583 eadem
1855 1540 1922 1593 sit,

210 1617 251 1650 et
271 1608 477 1650 distantiae
498 1610 581 1651 sint
599 1610 643 1651 in
662 1612 953 1668 progressione
973 1611 1229 1654 arithmetica
1259 1612 1483 1654 densitates
1513 1620 1636 1654 erunt
1664 1612 1706 1653 in
1727 1627 1924 1670 progres-

211 1679 325 1721 sione
345 1680 609 1736 geometricfi‚
627 1681 687 1723 uti
700 1682 761 1723 vir
776 1683 909 1725 claris.
925 1683 1173 1724 Edmundus
1196 1683 1389 1725 Halleius
1409 1683 1577 1725 invenit.
1621 1684 1667 1726 Si
1681 1685 1859 1741 gravitas
1873 1684 1926 1726 sit

210 1758 256 1792 ut
290 1750 494 1802 distantia,
531 1759 573 1792 et
602 1752 802 1808 quadrata
831 1754 1120 1796 distantiarum
1149 1755 1232 1796 sint
1261 1755 1302 1796 in
1334 1755 1622 1811 progressione
1652 1755 1923 1808 arithmetica,

212 1821 433 1862 densitates
464 1830 586 1863 erunt
605 1823 648 1863 in
667 1825 959 1881 progressione
988 1825 1252 1882 geometrica.
1314 1825 1371 1867 Et
1390 1826 1449 1867 sic
1468 1827 1511 1867 in
1531 1826 1752 1869 infinitum.
1813 1827 1925 1870 Haec

210 1893 267 1933 ita
287 1907 330 1933 se
350 1891 505 1934 habent
524 1892 596 1934 ubi
614 1893 733 1935 fluidi
762 1896 1068 1950 compressione
1099 1896 1339 1938 condensati
1369 1896 1548 1938 densitas
1569 1906 1633 1939 est
1651 1906 1699 1940 ut
1717 1899 1778 1939 vis
1811 1913 1925 1941 com-

209 1964 446 2020 pressionis,
483 1964 561 2015 vel,
598 1965 711 2021 quod
738 1967 912 2021 perinde
933 1976 1006 2018 est,
1040 1968 1217 2023 spatium
1238 1983 1263 2008 a
1281 1967 1411 2009 fluido
1438 1965 1686 2023 occupatum
1712 1969 1924 2024 reciproce

210 2044 256 2077 ut
274 2035 366 2078 haec
385 2037 459 2079 vis.
523 2037 646 2095 Fingi
665 2048 840 2094 possunt
859 2040 952 2081 aliae
972 2040 1305 2081 condensationis
1326 2039 1453 2097 legeS,
1484 2048 1531 2081 ut
1559 2039 1674 2096 quod
1704 2041 1834 2084 cubus
1863 2041 1925 2083 vis

212 2108 520 2162 comprimentis
550 2108 602 2149 sit
630 2116 677 2150 ut
706 2110 1177 2167 quadrato-quadratum
1211 2110 1438 2160 densitatis,
1481 2125 1553 2151 seu
1587 2110 1792 2166 triplicata
1819 2111 1926 2153 ratio

211 2178 269 2219 vis
290 2178 435 2220 eadem
456 2193 551 2220 cum
571 2179 883 2236 quadruplicata
904 2182 1062 2223 ratione
1081 2181 1307 2223 densitatis.
1368 2181 1467 2231 Quo
1486 2181 1530 2222 in
1551 2195 1660 2232 casu,
1692 2181 1727 2223 si
1744 2180 1933 2240 gravitas⁴
1986 2205 1992 2212 ·

211 2260 273 2293 est
292 2250 502 2307 reciproce
522 2260 570 2302 ut
588 2252 834 2309 quadratum
864 2254 1069 2296 distantiae
1089 2269 1114 2295 a
1134 2262 1289 2304 centro,
1323 2253 1503 2295 densitas
1533 2253 1611 2294 erit
1637 2252 1850 2308 reciproce
1878 2261 1926 2296 ut

212 2323 340 2364 cubus
361 2322 580 2364 distantiae.
642 2323 678 2364 F
678 2324 844 2381 ingatur
864 2325 978 2381 qued
997 2325 1129 2366 cubus
1148 2324 1209 2365 vis
1230 2324 1538 2379 comprimentis
1559 2323 1612 2364 sit
1631 2331 1678 2364 ut
1703 2323 1923 2379 quadrato·

212 2393 341 2433 cubus
361 2391 587 2443 densitatis,
610 2401 651 2434 et
671 2394 705 2434 si
724 2395 905 2452 gravitas
926 2403 988 2436 est
1008 2394 1220 2450 reciproce
1236 2402 1282 2436 ut
1302 2394 1550 2450 quadratum
1569 2393 1789 2444 distantiae,
1819 2406 1924 2436 uen-

213 2464 308 2505 sitas
329 2464 407 2505 erit
425 2464 636 2519 reciproce
656 2465 699 2506 in
720 2466 1009 2522 sesquiplicata
1030 2466 1189 2507 ratione
1209 2465 1427 2506 distantiae.
1489 2464 1691 2521 Fingatur
1719 2463 1833 2520 qued
1860 2465 1923 2507 vis

214 2537 490 2592 comprimens
520 2537 572 2578 sit
600 2537 644 2578 in
674 2537 880 2592 duplicata
910 2538 1070 2580 ratione
1096 2537 1330 2588 densitatis,
1368 2544 1410 2577 et
1431 2536 1611 2593 gravitas
1636 2534 1847 2591 reciproce
1878 2536 1924 2579 in

214 2611 372 2651 ratione
393 2610 601 2666 duplicata
622 2597 903 2662 distantiae‚'et
923 2611 1105 2653 densitas
1126 2610 1205 2652 erit
1224 2607 1434 2664 reciproce
1455 2616 1502 2650 ut
1521 2607 1727 2666 distantia.
1774 2609 1824 2664 (⁸)
1841 2608 1924 2651 Ca—

216 2695 284 2720 sus
305 2694 449 2721 omnes
469 2694 710 2734 percurrere
732 2680 903 2737 longum
925 2689 1044 2723 esset.
1107 2678 1316 2722 Caeterum
1344 2692 1421 2734 per
1450 2678 1734 2733 experimenta
1763 2686 1925 2720 constat

215 2749 327 2805 qued
356 2750 533 2791 densitas
552 2749 658 2792 aeris
679 2750 732 2791 sit
751 2758 797 2792 ut
816 2751 876 2792 vis
897 2752 1173 2807 comprimens
1204 2750 1269 2792 vel
1298 2747 1499 2799 accurate,
1532 2749 1597 2791 vel
1626 2749 1770 2791 saltem
1798 2748 1924 2806 que-m

215 2821 426 2873 proxime:
458 2829 500 2863 et
518 2829 738 2877 propterea
767 2821 946 2864 densitas
978 2823 1081 2867 a'eris
1103 2823 1146 2864 in
1165 2819 1439 2878 atmosphaerfi
1454 2820 1600 2862 Terrae
1620 2829 1683 2864 est
1694 2829 1740 2864 ut
1758 2822 1923 2878 pondus

216 2891 319 2931 ae’ris
340 2892 465 2933 totius
484 2892 771 2943 incumbentis,
793 2892 838 2935 id
857 2902 931 2944 est,
953 2902 1000 2935 ut
1018 2893 1193 2936 altitudo
1212 2892 1404 2936 mercurii
1422 2892 1467 2933 in
1486 2891 1736 2935 barometro.

260 3004 272 3043 (
275 3000 304 3042 ⁸)
331 3006 400 3033 178.
423 3005 562 3036 *Ca-ms
591 3015 694 3036 omnes
719 3016 901 3046 percurrere
925 3007 1051 3046 longum
1093 3016 1130 3036 ex
1147 3016 1208 3047 qua
1223 3004 1336 3047 singuli
1357 3015 1445 3036 casus
1465 3014 1523 3044 pro
1544 3004 1608 3036 lubi
1610 3010 1644 3035 tu
1659 3002 1922 3035 eruantur.1is-

215 3049 306 3082 esset3
333 3046 428 3076 satius
449 3046 506 3077 erit
529 3047 704 3087 generalem
729 3047 897 3080 formulam
922 3049 1050 3085 tradere,
1094 3048 1185 3079 dem
1177 3048 1280 3090 igitur,
1292 3058 1362 3090 quae
1373 3057 1474 3087 supra,
1491 3046 1604 3087 positis,
1620 3047 1658 3078 sit
1669 3047 1811 3078 distantia
1825 3047 1921 3077 varia·
