2066 3548
157 255 306 299 met
320 252 538 301 Sic-cuna]
581 243 900 290 PRINCIPIA
918 221 1420 311 'MATHEMATICA
1777 237 1859 279 197

153 364 421 426 quantitatem
448 361 700 417 imprimant,
734 364 776 399 et
803 354 980 396 vicissim
1010 356 1103 408 (per
1122 349 1261 392 motus
1288 349 1426 406 legem
1453 347 1634 398 tertiam)
1655 345 1857 402 aequalem

149 441 204 483 ab
223 438 367 482 eadem
386 436 636 479 reactionem
653 432 874 489 patiantur,
894 428 977 470 hoc
991 434 1065 476 est,
1087 424 1299 481 aequaliter
1309 421 1574 464 resistantur:
1595 418 1857 460 manifestum

150 519 214 554 est
231 511 354 553 etiam
374 508 487 565 quod
505 508 549 548 in
568 504 751 563 ejusdem
770 499 981 543 densitatis
998 497 1136 539 fluidis
1165 494 1354 544 elasticis,
1385 492 1458 534 ubi
1483 487 1737 533 velocissime
1765 502 1855 528 mo-

148 591 308 633 ventur,
339 581 517 638 aequales
537 579 618 620 sint
635 589 779 619 eorum
805 571 1046 614 resistentiae
1074 582 1199 625 quarn
1217 563 1430 621 proxime3
1461 562 1546 605 sive
1564 559 1693 602 fluida
1711 558 1783 599 illa
1801 573 1853 599 ex

147 654 358 713 particulis
378 651 644 695 crassioribus
664 654 866 696 constent,
888 645 973 686 sive
987 657 1043 684 ex
1055 640 1240 683 omnium
1253 634 1525 680 subtilissimis
1538 632 1853 675 constituantur.

149 728 217 770 Ex
227 725 354 768 medii
367 723 587 766 subtilitate
599 719 829 763 resistentia
842 714 1114 772 projectilium
1127 708 1340 754 celerrime
1354 716 1563 750 motorum
1577 718 1663 746 non
1677 702 1853 744 multum

147 796 400 840 diminuitur.

204 869 333 910 Corol.
355 872 396 908 6.
456 863 568 906 Haec
587 861 726 904 omnia
744 861 802 902 ita
823 874 867 903 se
885 857 1042 899 habent
1060 855 1103 896 in
1121 852 1275 903 fluidis,
1305 862 1483 907 quorum
1512 848 1573 890 vis
1601 847 1769 890 clastica
1798 859 1851 886 ex

142 939 438 998 particularum
459 936 621 977 'viribus
641 931 879 988 centrifugis
899 929 1102 986 originem
1121 925 1247 968 ducit.
1308 921 1438 973 Quod
1457 920 1494 963 si
1511 920 1573 963 vis
1592 919 1663 961 illa
1683 917 1852 965 aliunde

144 1013 316 1062 oriatur,
346 1009 473 1051 veluti
501 1022 555 1049 ex
582 1005 876 1062 particularum
903 1000 1158 1057 expansione
1175 997 1231 1039 ad
1248 997 1377 1038 instar
1409 994 1518 1037 lanae
1546 993 1613 1035 vel
1641 1005 1854 1033 ramorum

147 1086 359 1134 arborum,
380 1089 451 1124 aut
470 1095 523 1122 ex
543 1078 621 1121 alia
642 1077 784 1134 quavis
802 1074 939 1126 causa,
970 1073 1051 1131 qua
1071 1079 1208 1114 motus
1226 1068 1522 1125 particularum
1548 1066 1655 1107 inter
1684 1079 1728 1105 se
1758 1062 1853 1104 red-

144 1158 299 1200 duntur
326 1154 462 1197 minus
488 1152 630 1194 liberi:
666 1149 907 1198 resistentia,
937 1147 992 1188 ob
1008 1146 1214 1187 minorem
1233 1141 1359 1184 medii
1378 1140 1636 1189 fluiditatem,
1667 1138 1745 1180 erit
1765 1152 1852 1178 ma-

137 1231 208 1287 jor
225 1227 351 1285 quam
369 1227 413 1268 in
432 1222 711 1280 superioribus
731 1218 984 1262 Corollariis.

319 1389 722 1436 ,PROPOSITIO
753 1386 974 1429 XXXIV.
1035 1380 1395 1426 THEOREMA
1425 1354 1649 1422 XXVIII.

142 1525 190 1568 Si
203 1521 343 1579 globus
361 1527 400 1563 et
418 1520 619 1577 qylindms
637 1518 854 1574 aequalibus
873 1517 1080 1558 diametris
1099 1516 1302 1569 descripti,
1324 1516 1369 1556 in
1388 1516 1521 1556 medio
1534 1529 1633 1555 raro
1651 1529 1700 1555 ex
1710 1514 1849 1568 parti-

197 1594 296 1635 culis
313 1592 531 1648 cequalibus
549 1597 588 1632 et
606 1591 663 1631 ad
679 1591 849 1645 ‘equales
866 1588 918 1630 ab
938 1589 1102 1630 invicem
1129 1587 1346 1629 distantias
1374 1584 1498 1627 libere*
1528 1586 1730 1640 difflositis
1758 1599 1850 1626 con·

197 1672 339 1716 stante,
360 1662 566 1707 secundz'cm
577 1664 743 1718 plagam
762 1663 853 1703 aoez's
868 1661 1056 1718 cylindri,
1086 1661 1235 1715 aequali
1252 1674 1336 1701 cum
1356 1660 1562 1701 velocitate
1590 1666 1820 1700 moveantur
1834 1677 1848 1699 .-

195 1740 275 1782 erit
293 1737 518 1779 resistentia
533 1735 646 1791 globi
664 1736 785 1789 duplo
803 1735 934 1776 minor
952 1731 1069 1790 qutim
1087 1734 1315 1776 resistentia
1335 1734 1522 1789 cylindri.

197 1850 308 1893 Nam
335 1848 530 1906 quoniam
559 1847 666 1891 actio
694 1847 821 1891 medii
848 1847 893 1889 in
921 1862 1071 1903 corpus
1091 1846 1236 1889 eadem
1257 1854 1319 1889 est
1348 1850 1442 1903 (per
1459 1846 1602 1905 legum
1623 1846 1766 1889 Corol.
1789 1847 1848 1901 5.)

140 1924 224 1965 sive
253 1938 403 1978 corpus
431 1923 475 1964 in
503 1922 643 1965 medio
672 1922 904 1978 quiescente
932 1929 1158 1972 moveatur,
1193 1921 1278 1962 sive
1309 1920 1435 1962 medii
1462 1920 1677 1976 particulae
1701 1919 1848 1962 eadem

141 2010 236 2036 cum
253 1995 467 2036 velocitate
497 1994 548 2050 (ι)
569 1995 799 2051 impingant
818 1994 860 2035 in
880 2009 1032 2049 corpus
1051 1994 1187 2049 quies-

142 2081 256 2108 cens:
271 2066 576 2108 consideremus
589 2079 739 2120 corpus
750 2073 947 2120 tanquam
959 2065 1185 2120 quiescens,

143 2146 184 2179 et
203 2137 413 2179 videamus
448 2151 531 2193 quo
564 2137 720 2192 impetu
749 2135 965 2192 urgebitur
993 2151 1020 2176 a
1050 2135 1187 2177 medio

141 2215 346 2250 movente.
404 2207 608 2265 Designet
639 2207 767 2264 igitur
801 2207 840 2248 A
863 2206 902 2248 B
924 2206 966 2248 K
988 2207 1009 2248 I
1038 2221 1189 2262 corpus

142 2278 391 2335 sphaericum
410 2281 554 2321 centro
577 2279 613 2321 C
633 2279 1014 2337 semi-diametr0.C
1036 2279 1076 2329 A
1096 2279 1189 2320 des-

142 2350 338 2406 criptumq
355 2358 398 2392 et
410 2350 594 2392 incidant
606 2350 820 2406 particulae
839 2351 964 2392 medii
983 2350 1078 2392 data
1095 2365 1190 2392 cum

141 2420 355 2463 velocitate
374 2422 418 2463 in
438 2436 587 2478 corpus
615 2421 721 2483 illud
750 2422 1014 2477 sphaericum,
1045 2437 1191 2464 secun-

142 2493 244 2535 dum
272 2501 404 2535 rectas
432 2493 511 2548 ipsi
533 2493 573 2536 A
597 2493 634 2536 C
662 2493 900 2548 parallelas:
935 2494 1068 2549 sitque
1091 2494 1126 2535 F
1148 2494 1187 2535 B

144 2566 342 2622 ejusmodi
362 2574 485 2608 recta.
543 2567 596 2609 In
616 2566 664 2609 ea
684 2567 869 2622 capiatm·
903 2567 937 2608 L
962 2567 999 2609 B
1029 2567 1354 2609 semi-diametro
1375 2565 1412 2607 C
1435 2565 1473 2607 B
1492 2562 1674 2620 aequalis,
1710 2569 1750 2604 et
1770 2561 1848 2603 du·

143 2645 260 2679 catur
281 2638 318 2680 B
338 2639 382 2681 D
402 2654 496 2696 quae
517 2640 722 2696 sphaeram
742 2647 886 2697 tangat
904 2639 948 2680 in
969 2640 1020 2682 Β.
1080 2640 1131 2682 In
1155 2640 1197 2681 K
1220 2640 1257 2681 C
1277 2647 1320 2681 et
1341 2639 1379 2680 B
1400 2638 1445 2680 D
1465 2637 1734 2678 demittantur
1752 2649 1848 2690 per-

144 2709 428 2765 pendiculares
449 2711 487 2754 B
503 2712 555 2763 E,
578 2712 616 2754 L
631 2712 690 2762 D,
712 2719 755 2753 et
773 2711 834 2752 vis
854 2710 935 2767 qua
955 2711 1156 2766 particula
1174 2711 1313 2760 medii,
1336 2707 1565 2752 secundum
1580 2716 1735 2748 rectam
1758 2707 1793 2748 F
1810 2706 1849 2748 B

146 2779 312 2836 oblique
342 2780 574 2833 incidendo,
610 2782 781 2839 globum
808 2781 903 2823 ferit
931 2782 974 2823 in
1006 2783 1056 2833 B,
1088 2783 1166 2824 erit
1185 2782 1238 2823 ad
1258 2782 1342 2822 vim
1363 2780 1444 2836 qua
1474 2779 1676 2835 particula
1703 2779 1850 2821 eadem

147 2849 378 2907 cylindrum
399 2850 440 2899 Ο
462 2852 504 2895 N
525 2852 568 2895 G
589 2852 634 2902 Q
652 2867 731 2894 axe
752 2853 792 2894 A
815 2852 852 2894 C
873 2852 895 2895 I
915 2852 1025 2894 circa
1052 2853 1224 2910 globum
1254 2852 1506 2906 descriptum
1534 2850 1849 2906 perpendicula-

153 2998 156 3005 *
190 2964 238 3006 (¹)
262 2966 279 2983 ’
297 2966 474 3006 Impingaemt
496 2967 531 2998 in
555 2977 664 3007 empus
693 2969 859 3008 quiescens.
910 2966 976 2997 Ea·
1019 2966 1219 2997 manifestum
1247 2971 1293 2996 est
1321 2974 1376 3006 per
1403 2964 1506 2995 motus
1533 2966 1593 3005 leg.
1623 2969 1654 2996 3.
1680 2965 1752 3006 quia
1780 2965 1851 2996 flui-

149 3006 221 3056 dem
243 3007 325 3038 enim
340 3007 433 3037 estin
447 3013 577 3049 utroque
598 3019 672 3040 casu
697 3009 841 3039 velocitas
861 3018 978 3047 respec-
1020 3010 1099 3039 dum
1127 3015 1159 3039 et
1186 3017 1298 3047 corpus
1325 3009 1366 3038 ob
1393 3007 1578 3038 reactionem
1605 3008 1718 3038 actioni
1746 3019 1852 3049 mqua-

147 3055 220 3087 twa,
254 3049 421 3098 eademque
449 3050 577 3088 proinde
604 3051 650 3081 vis
678 3051 883 3090 percussionis
911 3053 981 3092 (per
1021 3051 1083 3082 lem
1099 3058 1130 3082 et
1144 3050 1337 3088 contrariam,
1359 3050 1392 3081 in
1406 3057 1538 3091 utroque
1558 3060 1632 3082 casu
1647 3051 1680 3082 in
1694 3061 1726 3082 se
1739 3049 1851 3083 mutuo

147 3091 228 3122 dem.
266 3102 300 3122 m
339 3091 411 3123 Cor.
444 3094 474 3125 5.
513 3092 575 3134 leg.
606 3094 702 3134 mot.)
739 3093 822 3125 idem
857 3103 980 3135 quoque
1021 3100 1127 3135 agunt.

968 3150 1039 3181 NS
