2066 3548
1240 178 1257 190 l

247 247 299 283 14·
650 237 1099 283 PHILOSOPHIAE
1129 230 1486 283 NATURALIS
1572 239 1930 292 [Mo-ncom’0x¹

239 363 323 397 tas:
341 355 398 411 (ἅ)
419 354 496 396 erit
514 353 819 395 decrementum
838 352 1063 394 velocitatis
1083 351 1255 408 singulis
1274 352 1470 407 temporis
1489 351 1698 407 particulis
1716 360 1764 394 ut
1782 346 1925 394 eadem

239 426 443 469 velocitas.
505 426 610 467 Sunt
628 439 728 481 ergo
747 424 980 466 velocitates
1001 421 1240 464 differentiis
1260 423 1345 464 suis
1365 421 1707 486 proportionales,
1739 431 1782 466 et
1799 438 1926 479 prop-

236 506 348 540 terea
379 501 470 553 (per
490 482 607 539 Lem.
630 497 665 538 Ι.
689 496 781 537 Lib.
804 495 882 548 ΙΙ.)
913 494 1105 536 continue
1133 495 1475 549 proportionales.
1536 497 1584 551 (θ)
1618 496 1799 538 Proinde
1819 496 1853 537 si
1873 509 1927 539 ex

235 570 383 626 aequali
416 568 711 624 particularum
739 580 912 608 numero
944 576 1244 620 componantur
1276 574 1465 622 tempora
1502 567 1697 623 quaelibet
1733 568 1922 624 aequalia,

235 649 356 682 erunt
375 640 606 681 velocitates
627 638 723 693 ipsis
753 645 986 693 temporum
1016 636 1153 687 initiis,
1191 644 1236 678 ut
1255 638 1429 679 termini
1447 638 1491 678 in
1511 639 1799 695 progressione
1827 653 1927 682 con-

235 711 361 760 tinua,
393 710 462 765 qui
490 723 566 764 per
595 708 744 750 saltum
764 708 980 762 capiuntur
1000 707 1152 748 omisso
1171 707 1324 762 passim
1343 708 1492 764 aequali
1511 709 1781 749 terminorum
1799 709 1926 751 inter-

233 782 462 823 mediorum
482 795 666 822 numero.
728 779 1046 834 Componuntur
1064 786 1201 820 autem
1220 777 1371 819 horum
1389 778 1659 820 terminorum
1679 779 1857 821 rationes
1871 794 1926 821 ex

232 852 462 894 rationibus*
477 851 584 893 inter
604 865 647 892 se
667 850 812 891 iisdem
831 848 1101 890 terminorum
1129 847 1466 890 intermediorum
1495 848 1707 905 aequaliter
1725 850 1923 905 repetitis,

231 931 274 965 et
291 931 508 979 propterea
528 937 588 964 eae
608 936 771 977 quoque
791 921 970 962 rationes
991 919 1229 974 compositae
1249 919 1358 960 inter
1378 933 1421 960 se
1441 919 1597 961 eaedem
1617 927 1727 962 sunt.
1790 920 1925 977 Igitur

229 995 475 1044 velocitates,
497 994 560 1035 his
581 993 764 1035 terminis
785 990 1126 1047 proportionales,
1160 998 1256 1033 sunt
1274 991 1318 1032 in
1337 991 1625 1048 progressione
1655 992 1918 1049 geometrica.

231 1066 476 1108 Minuantur
489 1066 577 1120 jam
596 1064 774 1121 aequales
794 1064 876 1105 illae
896 1071 1129 1118 temporum
1143 1063 1357 1119 particulae
1368 1079 1380 1113 3
1411 1072 1453 1105 et
1473 1072 1670 1121 augeatur
1685 1079 1826 1106 earum
1845 1080 1923 1106 nu-

228 1153 365 1180 merus
385 1139 428 1179 in
447 1138 667 1188 infinitum,
690 1136 741 1179 eo
760 1145 806 1179 ut
825 1136 1065 1178 resistentiae
1085 1136 1283 1192 impulsus
1303 1136 1501 1178 reddatur
1520 1137 1738 1197 continuus
1749 1153 1761 1188 ;
1794 1146 1835 1180 et
1854 1153 1924 1179 ve-

226 1208 411 1251 locitates
445 1208 489 1249 in
521 1208 733 1263 principiis
765 1207 985 1264 aequalium
1018 1215 1264 1263 temporum,
1310 1222 1471 1263 semper
1511 1209 1704 1250 continue
1742 1224 1920 1266 propor-

226 1282 414 1331 tionales,
437 1289 556 1323 erunt
575 1282 619 1321 in
637 1279 718 1321 hoc
738 1280 862 1322 etiam
881 1294 978 1321 casu
998 1279 1190 1321 continue
1210 1280 1550 1335 proportionales.
1611 1281 1667 1331 Q.
1687 1296 1722 1322 e.
1744 1281 1785 1323 d.

286 1354 378 1395 Cas.
401 1357 442 1395 2.
476 1352 532 1393 Et
552 1351 713 1392 divisim
731 1350 993 1392 velocitatum
1022 1350 1276 1401 differentiae,
1313 1350 1394 1392 hoc
1413 1358 1488 1402 est,
1519 1366 1658 1392 earum
1679 1360 1816 1407 partes
1835 1353 1920 1394 sin-

225 1422 333 1480 gulis
353 1421 606 1477 temporibus
626 1422 799 1471 amissae,
835 1429 930 1463 sunt
949 1429 995 1463 ut
1014 1429 1135 1463 totae:
1168 1422 1299 1476 spatia
1318 1430 1454 1463 autem
1476 1422 1646 1478 singulis
1666 1424 1919 1478 temporibus

225 1494 429 1549 descripta
460 1501 557 1535 sunt
586 1501 634 1534 ut
665 1492 930 1534 velocitatum
960 1500 1098 1547 partes
1133 1492 1291 1533 amissae
1325 1494 1417 1547 (per
1437 1492 1562 1547 Prop.
1585 1493 1621 1534 I.
1644 1493 1739 1534 Lib.
1762 1494 1840 1548 ΙΙ.)
1870 1503 1913 1538 et

223 1575 442 1622 propterea
461 1566 582 1607 etiam
603 1573 649 1607 ut
667 1572 778 1606 totae.
839 1564 895 1614 Q.
916 1579 952 1605 e.
973 1564 1014 1605 d.

286 1653 415 1694 Corol.
467 1651 585 1693 Hinc
604 1650 639 1692 si
659 1649 898 1706 asymptotis
919 1649 1166 1707 rectangulis
1197 1651 1239 1691 A
1261 1649 1310 1700 C,
1335 1649 1371 1691 C
1394 1649 1443 1691 H
1478 1649 1733 1692 describatur
1766 1652 1917 1709 hyper.

223 1723 318 1764 bola
340 1722 377 1764 B
399 1722 454 1773 G,
488 1722 649 1777 sintque
671 1721 711 1762 A
734 1721 785 1770 B,
808 1721 852 1762 D
875 1719 919 1762 G
952 1719 1006 1760 ad
1039 1727 1299 1775 asymptoton
1335 1720 1375 1760 A
1397 1719 1434 1760 C
1467 1720 1839 1774 perpendiculareS,
1875 1725 1917 1767 et

225 1801 455 1850 exponatur
486 1801 574 1835 tum
604 1792 787 1847 corporis
802 1790 993 1833 velocitas
1009 1797 1096 1832 tum
1116 1790 1344 1832 resistentia
1363 1790 1501 1841 medii,
1523 1791 1613 1846 ipso
1632 1800 1767 1835 motus
1783 1794 1914 1848 initio,

269 1964 312 2006 (⁶)
338 1965 355 1984 *
380 1965 451 1995 Erit
475 1966 701 1994 decrementum
725 1962 892 1993 velocitatis.
924 1960 996 2002 (15)
1019 1965 1056 1990 ut
1097 1960 1122 1991 si
1142 1970 1178 1991 ex
1194 1960 1302 2001 aequali
1317 1960 1535 2000 particularum
1549 1971 1680 1994 numero
1693 1971 1916 2004 componantur

226 2006 395 2037 resistentia
411 2007 450 2036 ob
465 2006 571 2036 datum
586 2004 731 2044 temporis
744 2009 945 2040 momentum,
969 2002 1055 2033 ide6-
1097 2009 1233 2041 tempora
1261 2003 1404 2044 quaelibet
1434 2004 1573 2045 aequalia,
1606 2011 1642 2036 ut
1675 2007 1705 2036 A
1732 2007 1774 2044 E,
1805 2007 1835 2038 Ε
1868 2009 1915 2046 Η,

222 2059 283 2090 que
299 2049 367 2089 (per
380 2048 470 2088 hyp.)
486 2053 522 2078 ut
535 2047 686 2077 velocitas.
1095 2045 1129 2075 H
1149 2045 1192 2082 K,
1216 2047 1271 2077 &c.
1296 2051 1387 2076 erunt
1407 2046 1581 2077 velocitates
1605 2047 1635 2077 A
1652 2047 1692 2085 L,
1716 2049 1746 2078 Ε
1765 2049 1802 2086 Ρ,
1829 2050 1864 2080 H
1882 2051 1914 2088 S,

268 2090 314 2131 (θ)
337 2092 388 2121 50.
408 2092 541 2121 Proinde
554 2091 580 2120 si
590 2100 624 2120 er
637 2090 756 2129 aequali,
772 2089 827 2118 &a
861 2087 960 2118 Linea
970 2092 1051 2117 recta
1091 2087 1159 2122 δια,
1186 2088 1259 2127 ipsis
1285 2093 1460 2127 temporum
1487 2088 1581 2119 mitiis
1608 2095 1645 2120 ut
1673 2091 1796 2121 termini
1816 2092 1870 2132 qui
1898 2103 1917 2123 e

228 2133 259 2164 A
277 2133 303 2163 Z
317 2132 350 2162 in
365 2131 529 2173 particulas
542 2129 673 2173 aequales
689 2131 720 2162 A
734 2132 772 2169 B,
790 2131 819 2162 B
838 2130 875 2168 C,
894 2130 919 2160 C
932 2130 974 2165 D,
991 2130 1047 2159 διο.
1093 2130 1302 2170 progressione
1334 2130 1520 2171 geometrici
1552 2141 1607 2170 per
1641 2132 1754 2163 saltum
1788 2134 1916 2174 capiun-

1355 2178 1417 2209 tur,
1443 2173 1558 2203 omisso
1585 2174 1698 2212 passim
1719 2176 1830 2216 aequali
1853 2182 1916 2207 ter.

245 2226 282 2259 Ι·
1351 2215 1513 2287 ’ἒίῗέἷω
1543 2215 1849 2295 ἰῖῐεῗεέοἳωῃῗ
1859 2219 1915 2291 ⁸³?

1434 2278 1444 2294 ,
1489 2266 1514 2288 c.
1548 2268 1566 2288 e
1697 2281 1706 2294 ,
1889 2270 1917 2293 c.

1356 2309 1498 2330 numero.
1547 2300 1788 2340 Componuntur
1810 2308 1916 2333 autem

1356 2341 1468 2371 horum
1490 2341 1692 2372 terminorum
1717 2344 1747 2374 A
1763 2344 1804 2381 L,
1826 2344 1857 2375 Ε
1875 2345 1914 2383 Ρ,

1358 2383 1394 2413 Η
1410 2383 1441 2416 S,
1458 2383 1514 2413 διο.
1535 2383 1667 2415 rationes
1687 2395 1723 2415 ex
1746 2387 1917 2427 aequalibus

1315 2448 1319 2452 .
1356 2424 1527 2456 rationibus
1548 2426 1749 2458 terminorum
1770 2428 1916 2460 interme-

1357 2466 1479 2497 diorum
1509 2468 1667 2508 aequaliter
1688 2470 1841 2510 repetitis;
1867 2472 1916 2502 ni-

1357 2510 1472 2539 mirum
1482 2510 1566 2548 *ratio
1583 2511 1615 2541 A
1633 2511 1662 2542 L
1675 2511 1715 2542 ad
1731 2512 1762 2543 E
1776 2513 1814 2549 P,
1829 2523 1916 2545 mm-

1360 2594 1389 2624 B
1408 2594 1445 2624 M
1458 2594 1496 2624 ad
1509 2594 1535 2625 C
1550 2595 1658 2632 N‚&c.
1671 2602 1817 2636 quaetum
1828 2607 1918 2640 mag-

1357 2635 1509 2672 nitudine,
1539 2642 1607 2667 tum
1632 2647 1764 2670 numero
1785 2641 1919 2682 aqu-les

1357 2684 1433 2709 sunt
1455 2678 1624 2710 rationibus
1653 2680 1684 2710 E
1708 2680 1738 2712 P
1757 2681 1800 2712 ad
1822 2682 1851 2713 F
1874 2684 1918 2720 Q,

1364 2719 1392 2751 F
1421 2720 1454 2756 Q
1477 2720 1517 2751 ad
1535 2721 1565 2751 G
1591 2722 1633 2759 R,
1657 2723 1714 2753 διο.
1742 2733 1782 2754 ex
1807 2725 1920 2765 quibus

237 2758 380 2798 ABC
409 2756 502 2795 DE
533 2757 568 2794 F
595 2755 634 2790 G
713 2752 753 2787 Η
937 2755 978 2789 K
1244 2771 1273 2805 z
1363 2762 1559 2801 componitur
1578 2764 1918 2805 ratioEPadsH,

1363 2810 1395 2835 et
1411 2803 1454 2834 ita
1475 2803 1574 2844 porro.
1623 2806 1728 2843 Quare
1747 2809 1826 2840 ratio
1841 2809 1873 2840 A
1889 2809 1921 2841 1.

228 2840 336 2878 divisa,
360 2847 492 2880 exponat
512 2847 643 2881 tempus
669 2846 701 2872 et
724 2841 942 2881 perpendicula
965 2841 994 2872 A
1013 2842 1052 2880 L,
1096 2841 1135 2872 ad
1151 2842 1181 2873 E
1200 2842 1228 2873 P
1242 2843 1366 2883 aequalis
1380 2852 1425 2876 est
1438 2847 1549 2877 rationi
1565 2847 1594 2878 E
1611 2848 1641 2879 P
1653 2849 1692 2879 ad
1710 2850 1744 2880 H
1764 2851 1795 2888 S,
1811 2857 1843 2882 et
1854 2852 1922 2883 hnc

230 2883 258 2913 Β
273 2884 322 2920 M,
343 2884 369 2914 C
385 2885 425 2921 N,
436 2884 491 2914 διο.
508 2890 662 2922 exponant
676 2884 847 2915 velocitates
861 2884 934 2924 ipsis
948 2884 1054 2924 singu-
1096 2884 1222 2924 aequalis
1238 2887 1346 2917 rationi
1364 2887 1400 2919 H
1419 2889 1440 2919 S
1454 2888 1494 2919 ad
1509 2889 1539 2919 K
1557 2889 1596 2920 T.
1644 2891 1850 2924 Manifestum
1862 2903 1920 2925 ω-

226 2924 329 2955 lorum
356 2931 528 2965 temporum
548 2927 577 2955 A
593 2926 631 2962 B,
657 2926 685 2957 B
704 2927 740 2962 C,
760 2926 785 2957 C
802 2926 844 2963 D,
860 2927 915 2957 διο.
940 2925 1053 2965 initiis;
1096 2932 1159 2956 tem
1174 2933 1219 2957 est
1235 2928 1305 2969 (88)
1321 2940 1445 2961 curvam
1463 2931 1492 2962 L
1508 2931 1547 2962 M
1563 2932 1595 2962 N
1613 2933 1635 2964 S
1651 2934 1688 2970 Τ,
1705 2935 1744 2966 ad
1759 2945 1852 2976 quam
1860 2941 1936 2968 ta*-v

229 2975 320 2998 erunt
352 2969 402 3007 (ex
430 2967 541 3007 Dem.)
571 2968 744 2999 velocitates
766 2968 827 2999 illae
847 2968 881 2998 in
909 2967 1055 2999 continua
1096 2969 1255 2999 minantur
1268 2972 1484 3011 perpendicula
1497 2975 1602 3006 omni·
1618 2976 1649 3007 A
1665 2977 1705 3015 L,
1726 2978 1754 3009 B
1770 2978 1820 3016 M,
1837 2978 1865 3010 C
1877 2979 1919 3017 N,

216 3011 439 3051 progressione
465 3010 647 3051 geometrica
674 3010 874 3042 decrescente.
921 3010 1055 3042 Proinde
1096 3011 1152 3042 &c-
1171 3022 1235 3044 esse
1250 3013 1500 3055 logasinhmicam.

1357 2551 1525 2590 paniturex
1531 2553 1702 2584 rationibus
1710 2554 1772 2585 AL
1778 2556 1817 2586 ad
1825 2556 1855 2586 B
1864 2556 1914 2593 M.
1983 2566 1986 2568 ’
