2066 3548
121 260 271 303 Lmen
288 242 505 310 smum]
547 254 869 301 PRINmPIA
901 252 1396 296 MATHEMATICA.
1751 255 1833 296 247

121 373 251 432 frigus
271 373 496 416 reducitur.
557 373 793 428 Antequam
812 369 1023 418 caderent,
1045 356 1399 422 immergebantur
1412 363 1577 419 penitus
1597 364 1640 405 in
1661 379 1810 420 aquam
1821 379 1833 414 ;

121 459 177 487 ne
202 444 390 499 pondere
416 443 546 499 partis
575 443 747 498 alicujus
775 455 830 483 ex
859 438 966 495 aqua
994 437 1172 495 extantis
1202 436 1426 478 descensus
1455 449 1601 476 eorum
1622 435 1699 476 sub
1718 436 1836 476 initio

123 516 431 559 acceleraretur.
493 515 550 557 Et
567 515 640 556 ubi
658 513 823 569 penitus
842 511 1026 554 immersi
1045 510 1324 567 quiescebant,
1355 509 1681 550 demittebantur
1712 523 1836 563 quam

123 588 370 640 cautissime,
389 602 445 630 ne
463 587 689 643 impulsum
707 587 888 643 aliquem
906 601 932 627 a
949 599 1075 626 manu
1095 584 1338 625 demittente
1358 582 1604 637 acciperent.
1665 580 1837 622 Cecide-

122 669 222 702 runt
250 668 389 702 autem
417 657 647 700 successive
674 657 932 712 temporibus
962 654 1264 696 oscillationum
1295 656 1393 706 4755,
1415 656 1514 705 483,
1537 658 1592 694 50
1613 658 1655 693 et
1675 658 1743 702 51,
1765 651 1837 692 de-

124 731 350 776 scribentes
382 729 644 779 altitudinem
682 728 837 783 pedum
876 725 1113 783 quindecim
1151 733 1194 766 et
1232 723 1459 780 digitorum
1499 723 1692 764 duorum.
1754 723 1839 765 Sed

104 803 108 822 ³
125 810 345 858 tempestas
367 802 456 857 jam
475 800 604 856 paule
624 800 812 857 frigidior
831 808 921 840 erat
939 797 1064 854 quam
1085 811 1179 839 cum
1199 796 1316 854 globi
1341 790 1694 851 ponderabantur,
1724 795 1840 837 ideo-

125 891 205 932 que
223 874 367 916 iteravi
386 874 719 929 experimentum
737 873 819 913 alio
839 871 920 922 die,
942 879 985 912 et
1003 870 1119 927 globi
1139 869 1380 911 ceciderunt
1397 869 1655 924 temporibus
1677 868 1839 910 oscilla-

123 948 283 990 tionum
303 953 374 997 49,
396 950 492 1001 49-21,
515 952 571 987 50
590 953 634 987 et
653 951 722 996 53,
744 959 793 986 ac
812 944 938 985 tertio
961 942 1218 998 temporibus
1243 942 1546 983 oscillationem
1571 945 1669 995 49315,
1693 947 1762 991 50,
1785 947 1834 984 51

124 1027 167 1060 et
185 1024 254 1060 53.
315 1017 616 1072 Experimento
650 1015 802 1070 saepius
833 1022 969 1069 capto,
1005 1013 1122 1071 globi
1161 1013 1402 1055 ceciderunt
1431 1012 1612 1053 maxima
1642 1008 1695 1054 ex
1723 1022 1843 1067 parte

124 1090 378 1145 temporibus
397 1088 700 1130 oscillationum
721 1090 802 1140 49}
826 1095 868 1128 et
888 1093 956 1129 50.
1020 1086 1107 1128 Ubi
1127 1086 1287 1128 tardius
1306 1086 1508 1137 cecidere,
1540 1086 1730 1142 suspicor
1749 1101 1843 1127 eos-

125 1153 230 1202 dem.
240 1159 476 1202 retardatos
494 1158 619 1200 fuisse
638 1157 910 1214 impingendo
928 1157 973 1197 in
992 1157 1122 1198 latera
1141 1156 1264 1198 vasis.

151 1250 155 1256 ·
181 1234 280 1276 Jam
297 1241 539 1288 computum
556 1246 634 1287 per
653 1231 857 1273 theoriam
876 1230 1074 1281 ineundo,
1095 1230 1306 1285 prodeunt
1325 1230 1491 1286 pondus
1510 1232 1626 1288 globi
1647 1232 1690 1273 in
1709 1246 1842 1274 vacuo

129 1305 240 1358 139}
266 1317 509 1361 granorum.
569 1300 778 1344 Excessus
808 1301 932 1358 hujus
960 1300 1158 1355 ponderis
1188 1315 1314 1355 supra
1341 1301 1510 1355 pondus
1538 1302 1654 1359 globi
1674 1300 1719 1343 in'
1737 1302 1844 1359 aqua

130 1377 267 1430 1323715
288 1390 407 1432 gran.
467 1375 685 1416 Diameter
703 1373 818 1429 globi
838 1380 879 1423 0,
898 1379 1037 1414 99868
1059 1373 1144 1430 dig.
1206 1372 1316 1414 Octo
1336 1373 1470 1414 tertiae
1489 1385 1628 1429 partes
1654 1374 1847 1417 diametri

127 1452 168 1498 2,
184 1451 325 1489 66315
346 1445 432 1502 dig.
492 1450 682 1506 Spatium
702 1452 729 1488 2
751 1447 788 1488 F
817 1451 973 1498 2,8066
995 1444 1079 1503 dig.
1143 1443 1332 1498 Spatium
1352 1444 1465 1499 quod
1484 1445 1634 1501 globus
1654 1445 1843 1500 pondere

129 1527 181 1577 73
216 1536 455 1579 granorum,
489 1529 676 1576 tempore
706 1520 856 1562 minuti
888 1520 1011 1561 unius
1046 1519 1232 1569 secundi,
1269 1519 1358 1561 sine
1389 1516 1621 1560 resistentia
1653 1515 1845 1558 cadendo

128 1593 327 1634 describit
347 1598 387 1642 9,
404 1597 544 1634 88164
565 1591 650 1648 dig.
711 1591 769 1633 Et
787 1599 951 1647 tempus
973 1590 1017 1633 G
1036 1591 1104 1641 0‘',
1121 1595 1305 1636 376843.
1365 1589 1530 1632 Globus
1560 1588 1700 1645 igitur,
1730 1586 1844 1629 velo-

128 1663 251 1705 citate
269 1661 448 1704 maxima
469 1661 647 1718 quficum
663 1669 803 1717 potest
821 1662 865 1704 in
880 1661 987 1719 aque
1002 1662 1043 1703 vi
1056 1662 1254 1717 ponderis
1270 1663 1319 1714 73
1335 1675 1562 1719 granorum
1577 1659 1844 1710 descendere,

126 1745 315 1791 tempore
344 1738 410 1786 0⁰,
427 1740 596 1780 376843
626 1734 821 1776 describit
849 1735 1028 1790 spatium
1057 1740 1099 1785 2,
1114 1741 1226 1777 8066
1254 1733 1494 1791 digitorum,
1527 1741 1568 1774 et
1587 1741 1775 1787 tempore
1798 1731 1848 1772 1''

127 1806 305 1861 spatium
326 1810 365 1856 7,
382 1810 523 1850 44766
545 1805 784 1862 digitorum,
805 1814 848 1847 et
866 1814 1055 1861 tempore
1067 1806 1150 1848 25⁰
1170 1812 1244 1846 s‘eu
1264 1804 1570 1846 oscillationum
1592 1809 1647 1846 50
1663 1802 1845 1857 spatium

130 1883 227 1928 186,
246 1882 354 1919 1915
376 1877 461 1934 dig.
523 1876 789 1918 Subducatur
827 1876 1007 1931 spatium
1039 1882 1076 1926 1,
1095 1881 1265 1918 386294
1297 1875 1346 1925 F,
1380 1890 1453 1916 seu
1486 1880 1652 1924 1,9454
1688 1873 1774 1930 dig.
1805 1882 1848 1914 et

128 1950 314 1992 manebit
342 1950 521 2005 spatium
554 1955 648 2000 184,
662 1954 770 1991 2461
806 1949 891 2006 dig.
913 1948 1027 2005 quod
1045 1948 1196 2006 globus
1217 1947 1364 1989 eodem
1385 1956 1572 2002 tempore
1593 1946 1636 1987 in
1656 1959 1754 1987 vase
1783 1945 1846 1986 la-

129 2019 289 2061 tissimo
308 2019 526 2068 describet.
589 2018 660 2060 Ob
689 2018 922 2075 angustiam
950 2018 1058 2059 vasis
1086 2018 1233 2067 nostri,
1264 2017 1475 2058 minuatur
1494 2017 1576 2057 hoc
1595 2015 1774 2071 spatium
1803 2015 1848 2055 in

130 2093 290 2135 ratione
319 2107 414 2150 quae
442 2091 706 2147 componitur
735 2105 789 2132 ex
818 2090 1106 2144 subduplicata
1135 2089 1295 2130 ratione
1323 2088 1472 2129 orificii
1501 2088 1608 2128 vasis
1628 2087 1683 2128 ad
1703 2101 1847 2129 exces-

133 2179 225 2205 sum
244 2165 367 2220 hujus
396 2162 544 2204 orificii
573 2177 700 2217 supra
728 2161 1052 2203 semi-circulum
1081 2160 1311 2202 maximum
1338 2159 1468 2216 globi,
1505 2167 1547 2200 et
1575 2159 1751 2214 simplici
1780 2174 1847 2200 ra-

132 2235 245 2277 tione
265 2234 450 2291 ejusdem
464 2233 611 2276 orificii
630 2232 684 2274 ad
704 2246 921 2273 excessum
949 2232 1038 2286 ejus
1068 2245 1194 2286 supra
1223 2230 1423 2271 circulum
1451 2230 1680 2271 maximum
1707 2230 1847 2286 globi3

133 2315 176 2349 et
194 2305 414 2348 habebitur
433 2304 612 2359 spatium
634 2308 729 2352 181,
747 2308 801 2344 86
822 2302 1062 2358 digitorum,
1084 2300 1197 2357 quod
1211 2300 1361 2357 globus
1380 2300 1425 2341 in
1443 2300 1525 2341 hoc
1544 2314 1640 2341 vase
1660 2308 1847 2355 tempore

133 2376 435 2420 oscillationum
457 2382 512 2418 50
532 2373 766 2416 describere
785 2372 929 2414 debuit
946 2387 1024 2428 per
1042 2371 1246 2413 theoriam
1266 2370 1596 2427 quamproxime.
1646 2370 1848 2426 Descrip-

136 2450 189 2491 sit
206 2446 306 2489 vero
326 2446 505 2501 spatium
528 2449 609 2487 182
629 2443 854 2501 digitorum
873 2450 1062 2498 tempore
1088 2441 1392 2483 oscillationum
1412 2443 1495 2494 49}
1516 2440 1582 2483 vel
1603 2446 1658 2483 50
1677 2455 1754 2495 per
1773 2455 1847 2483 ex-

135 2521 424 2577 perimentum.
469 2524 474 2531 ’

193 2593 346 2645 Erper.
371 2597 411 2633 5.
472 2589 603 2632 Globi
630 2596 808 2647 quatuor
835 2588 1022 2643 pondere
1045 2588 1152 2639 1543
1178 2602 1297 2645 gran.
1318 2587 1363 2628 in
1383 2588 1478 2628 a‘ere
1498 2592 1540 2627 et
1560 2588 1642 2638 21-35
1664 2599 1782 2642 gran.
1803 2585 1848 2626 in

139 2663 244 2721 aqua
273 2678 384 2719 saepe
412 2663 591 2714 demissi,
623 2663 827 2705 cadebant
854 2670 1042 2716 tempore
1071 2660 1375 2702 oscillationum
1396 2661 1494 2711 285,
1517 2662 1587 2707 29,
1611 2659 1693 2710 29}
1715 2665 1757 2698 et
1778 2663 1846 2707 30,

139 2743 181 2776 et
198 2749 497 2790 nonnunquam
520 2740 588 2785 31,
612 2739 665 2777 32
687 2741 729 2775 et
750 2739 818 2783 33,
840 2732 1120 2774 describentes
1140 2731 1401 2774 altitudinem
1428 2728 1584 2784 pedum
1613 2728 1849 2784 quindecim

140 2815 184 2849 et
202 2806 427 2863 digitorum
446 2807 638 2848 duorum.
1580 2812 1582 2815 ’

200 2879 284 2921 Per
326 2878 529 2921 theoriam
572 2879 720 2921 eadere
760 2878 996 2920 debuerunt
1038 2885 1224 2932 tempore
1264 2874 1568 2917 oscillationum
1607 2878 1663 2916 29
1706 2888 1848 2931 quam-

139 2950 343 3008 proxime.
1714 2962 1719 2967 ’

196 3027 349 3079 Exper.
385 3031 424 3067 6.
487 3025 615 3068 Globi
649 3026 834 3082 quinque
871 3024 1057 3078 pondere
1098 3022 1209 3072 212}
1248 3035 1366 3078 gran.
1406 3020 1451 3060 in
1483 3021 1578 3061 a'ere
1611 3027 1654 3061 et
1685 3022 1766 3073 79}
1806 3020 1850 3060 in

143 3096 248 3154 aqua
299 3111 409 3152 saepe
458 3096 638 3148 demissi,
691 3096 895 3138 cadebant
942 3104 1130 3150 tempore
1180 3092 1483 3151 oscillationum
1535 3096 1600 3140 15,
1646 3093 1739 3143 155,
1783 3096 1850 3139 16,

960 3168 992 3204 Q
1007 3171 1027 3198 4
