2066 3548
146 247 295 290 Luam
315 247 534 299 Summa]
567 246 901 289 PRINCIPIA
931 245 1427 290 MATHEMATICA.
1733 258 1740 264 ·
1768 255 1854 293 269

144 359 301 409 tudini3
340 367 479 414 partes
513 359 721 401 altissimae
753 359 806 409 A,
841 358 891 408 C,
924 358 975 408 E,
1009 366 1194 413 tempore
1227 359 1491 400 osculationis
1526 361 1648 401 unius
1680 362 1854 404 evadent

143 430 311 480 infimae,
348 438 390 471 et
409 438 595 484 tempore
629 429 892 471 osculationis
927 429 1093 470 alterius
1126 428 1263 470 denuo
1298 428 1534 472 ascendent.
1594 430 1727 487 Igitur
1747 434 1853 474 inter

143 501 366 556 transitum
395 501 602 542 undarum
630 500 887 557 singularum
915 508 1076 555 tempus
1107 500 1185 542 erit
1211 501 1512 543 oscillationum
1543 501 1718 544 duarum
1730 520 1742 553 3
1772 505 1852 546 hoc

142 579 217 622 est,
249 571 361 613 unda
389 570 594 613 describet
621 570 882 612 latitudinem
910 586 1041 622 suam,
1077 587 1160 628 quo
1188 580 1374 627 tempore
1402 573 1634 628 pendulum
1652 575 1757 617 illud
1786 577 1850 619 bis

139 641 350 683 oscillatur
361 657 374 690 3
405 641 477 682 sed
498 641 644 681 eodem
664 648 850 695 tempore
869 641 1110 696 pendulum,
1141 642 1256 697 cujus
1276 642 1492 699 longitudo
1521 644 1753 701 quadrupla
1772 655 1847 698 est,

1485 716 1541 765 Q.
1563 732 1599 757 e.
1620 717 1647 758 i.

199 789 328 829 Corol.
354 793 390 828 l.
423 787 558 844 Igitur
572 786 710 837 undae,
732 801 825 843 quae
839 786 966 842 pedes
982 783 1232 828 Parisienses
1249 788 1329 838 δὴ
1347 786 1443 827 latae
1463 796 1570 847 sunt,
1595 789 1645 843 (⁰)
1661 796 1849 844 tempore

138 859 286 901 minuti
306 859 428 900 unius
450 858 620 900 secundi
638 858 945 914 progrediendo
965 858 1225 899 latitudinem
1254 873 1371 899 suam
1400 857 1641 908 conficient;
1672 860 1848 917 ideoque

141 933 194 988 (P)
216 940 403 987 tempore
435 932 582 973 minuti
610 931 731 972 unius
759 931 883 986 primi
911 938 1155 985 percurrent
1183 929 1312 985 pedes
1343 933 1464 984 1835,
1504 938 1547 972 et
1572 931 1688 972 horae
1714 933 1848 987 spatio

136 1005 263 1060 podes
286 1011 423 1047 llOOO
444 1002 770 1061 quamproxime.

195 1080 246 1134 (¹¹)
272 1080 401 1120 Cor-ol.
424 1084 462 1120 2.
496 1079 552 1120 Et
570 1077 776 1119 undarum
794 1077 999 1132 majorum
1017 1075 1084 1118 vel
1102 1075 1311 1118 minorum
1330 1075 1524 1118 velocitas
1544 1076 1766 1133 augebitur
1779 1076 1846 1119 vel

138 1149 391 1192 diminuetur
410 1150 454 1190 in
474 1147 758 1204 subduplicatz‘i
779 1147 938 1189 ratione
958 1147 1197 1188 latitudinis.

198 1220 309 1261 Haec
328 1220 386 1261 ita
405 1234 448 1260 se
467 1219 622 1261 habent
640 1233 694 1260 ex
712 1217 933 1273 hypothesi
963 1217 1075 1273 quod
1094 1225 1232 1272 partes
1252 1232 1371 1273 aquae
1390 1215 1503 1258 rect&
1531 1217 1761 1258 ascendunt
1780 1217 1847 1259 vel

135 1289 248 1332 rectaei
276 1290 553 1339 descendunt3
589 1289 661 1331 sed
691 1303 882 1330 ascensus
913 1297 954 1329 et
983 1288 1204 1330 descensus
1225 1288 1294 1329 ille
1323 1288 1372 1342 (Γ)
1394 1287 1531 1328 verius
1551 1287 1599 1328 fit
1617 1302 1694 1342 per
1714 1287 1846 1329 circu-

136 1363 236 1414 lum,
267 1362 445 1418 ideoque
465 1370 626 1417 tempus
645 1360 725 1402 hac
747 1360 1036 1415 Propositione
1061 1374 1147 1402 non
1175 1360 1255 1407 nisi
1284 1358 1597 1416 quamproxime
1626 1359 1844 1402 definitlun

137 1448 226 1475 esse
246 1433 419 1474 affirmo.

139 714 316 770 ideoque
335 721 472 769 aequat
491 713 697 754 undarum
716 713 989 764 latitudinem,
1011 713 1263 755 oscillabitur
1284 715 1424 756 semel.

140 1561 306 1598 Quoniam,
330 1570 368 1590 ex
383 1558 481 1596 dictis,
504 1558 588 1589 unda
608 1557 757 1598 percurrit
770 1556 966 1587 latitudinem
1051 1556 1096 1598 (⁰)
1122 1559 1139 1577 ⁸
1166 1541 1313 1598 Tempore
1334 1558 1448 1589 minuti
1471 1558 1568 1589 unius
1591 1559 1720 1590 secundi
1749 1559 1839 1599 (471.

135 1614 224 1634 suam
239 1605 270 1634 A
282 1604 307 1634 C
323 1602 371 1633 vel
388 1603 416 1633 B
431 1603 463 1632 D
479 1600 669 1631 intereadum
683 1599 813 1631 altitudo
828 1601 854 1629 A
868 1605 967 1629 trans-

136 1646 234 1677 fertur
247 1646 280 1675 in
298 1645 335 1682 C,
357 1644 407 1675 vel
421 1644 533 1675 cavitas
550 1644 578 1674 B
594 1643 626 1672 in
644 1643 686 1679 D,
708 1642 792 1682 quod
812 1641 879 1671 fieri
901 1651 965 1671 non

136 1695 236 1728 potest
257 1687 316 1717 nisi
336 1697 415 1727 aqua
429 1688 467 1717 ab
481 1685 642 1717 altitudine
665 1684 818 1715 undarum
840 1683 965 1713 descen-

135 1730 199 1767 dat,
222 1736 253 1760 et
267 1729 378 1760 deinde
392 1729 431 1759 ad
445 1728 574 1759 eandem
595 1726 790 1758 altitudinem
811 1725 963 1762 ascendat,

135 1778 167 1803 et
185 1773 258 1813 quia
279 1771 391 1802 cavitas
411 1781 482 1812 quae
502 1777 547 1801 est
568 1769 650 1799 infr&
674 1779 762 1809 aquae
783 1769 966 1808 quiescentis

136 1814 328 1854 superficiem
342 1823 436 1854 quam
450 1813 483 1843 in
498 1811 599 1853 figur-fi
612 1812 734 1842 exhibet
747 1810 829 1840 linea
842 1810 965 1849 punctis

135 1857 287 1893 distincta,
302 1862 348 1887 est
362 1856 480 1886 circiter
494 1854 619 1895 aequalis
633 1853 794 1883 elevationi
810 1862 898 1891 aquae
912 1862 964 1882 su-

135 1899 191 1939 pr&
204 1899 332 1930 eandem
347 1898 540 1937 superficiem
551 1907 620 1938 quae
635 1902 682 1926 est
695 1894 855 1935 aequilibrii
868 1894 963 1928 locus,

136 1948 220 1980 patet
242 1940 334 1983 (313)
354 1941 449 1970 totius
462 1950 550 1980 aquae
563 1938 723 1969 movendae
738 1937 789 1967 lon
814 1936 964 1967 itudinem

137 1984 288 2024 aequalem
303 1992 370 2013 esse
384 1982 569 2022 longitudini
585 1980 721 2012 eavitatis
732 1979 780 2010 vel
788 1948 965 2009 eglevationis

137 2036 225 2066 aquae
246 2023 328 2055 infr&
341 2024 389 2055 vel
403 2023 495 2063 supr&
509 2024 611 2054 locum
623 2023 714 2052 illum
736 2021 906 2061 aequilibrii,
928 2031 965 2051 ac

136 2067 266 2108 proinde
279 2077 352 2101 cum
363 2066 525 2106 longitudo
539 2064 675 2096 cavimtis
686 2063 734 2093 vel
742 2063 918 2097 elevationis
926 2062 962 2092 il·

136 2110 198 2141 lius
208 2109 333 2150 aequalis
341 2109 380 2139 sit
389 2108 540 2139 distantiae
554 2108 582 2137 A
596 2108 636 2143 B,
646 2106 695 2136 vel
706 2106 734 2135 B
747 2106 783 2141 C,
793 2104 963 2144 pendulum

137 2153 227 2194 cujus
248 2151 411 2192 longitudo
432 2156 478 2181 est
502 2150 525 2191 ἦ
543 2150 573 2180 A
600 2150 628 2179 B
650 2147 697 2178 vel
722 2147 745 2188 ὲ
762 2148 790 2177 Β
809 2147 845 2183 C,
872 2146 966 2176 semel

137 2195 325 2225 osculabitur
339 2203 376 2224 eo
389 2199 525 2231 tempore
539 2202 601 2232 quo
615 2200 694 2231 aqua
705 2188 849 2226 ascendit,
865 2195 894 2218 et
909 2189 965 2218 ite-

137 2247 208 2267 rum
239 2235 436 2271 osculabitur,
472 2233 663 2265 intereadum
698 2241 779 2272 aqua
808 2230 966 2261 descendit

139 2279 244 2321 (813.)
271 2284 363 2318 atque
386 2277 430 2307 ita
450 2277 636 2307 oscillabitur
663 2274 710 2305 bis
738 2284 801 2314 quo
828 2281 965 2312 tempore

137 2322 223 2352 unda
236 2320 379 2351 describit
393 2319 587 2350 latitudinem
599 2327 696 2348 suam.
735 2316 892 2352 Quoniam
907 2315 964 2355 igi.

137 2370 190 2395 tur
210 2362 331 2394 numeri
353 2362 579 2393 oscillationum
599 2370 676 2401 quas
698 2358 835 2399 pendula
855 2357 964 2387 eodem

137 2412 275 2445 tempore
295 2411 456 2445 peragunt,
481 2409 554 2434 sunt
574 2404 607 2433 in
622 2403 739 2433 ratione
753 2398 967 2439 subduplicata

138 2447 341 2487 longitudinis
355 2446 560 2486 pendulorum
575 2444 695 2476 inverse
718 2446 805 2485 (474.
826 2443 896 2472 Lib.
915 2442 962 2481 Ι.)

138 2490 310 2530 pendulum
332 2489 422 2529 cujus
443 2487 607 2529 longitudo
620 2494 665 2518 est
683 2488 712 2517 A
731 2487 759 2516 B
778 2486 804 2516 C
824 2486 865 2519 D,
889 2494 965 2525 qua-

138 2533 248 2572 drupla
262 2531 464 2572 longitudinis
477 2531 498 2571 ἦ
510 2531 539 2561 Α
554 2531 582 2561 Β
597 2529 692 2560 semel
706 2527 893 2559 oscillabitur
902 2536 966 2567 quo

137 2581 276 2614 tempore
295 2573 381 2604 unda
395 2573 589 2604 latitudinem
609 2582 698 2602 suam
718 2570 874 2611 percurrit.
924 2569 966 2599 In

138 2616 232 2647 undis
251 2615 324 2647 vero
343 2616 502 2646 latioribus
523 2625 592 2655 quoe
612 2614 704 2645 altius
718 2623 783 2644 non
797 2613 964 2648 elevantur,

137 2659 220 2690 linea
233 2668 324 2689 curva
341 2659 372 2688 A
385 2659 410 2688 B
425 2659 461 2695 C,
478 2658 528 2688 vix
542 2657 644 2687 differt
657 2667 676 2687 a
689 2654 773 2686 recti
790 2656 818 2685 A
835 2655 873 2690 C,
895 2663 966 2694 quae

139 2707 186 2731 est
199 2700 294 2731 undae
308 2699 446 2736 latitudo,
471 2707 502 2731 et
515 2698 676 2739 propterezi.
690 2698 721 2728 in
738 2708 775 2728 eo
789 2707 863 2727 casu
883 2695 968 2726 unda

138 2742 333 2774 latitudinem
339 2752 427 2773 sunm
434 2742 589 2778 describit,
596 2740 788 2772 intereundum
797 2737 970 2778 pendulum

138 2786 227 2827 cujus
240 2784 403 2826 longitudo
415 2791 461 2816 est
480 2790 564 2816 recta
579 2784 612 2815 A
629 2784 666 2820 C,
689 2781 785 2813 semel
798 2780 964 2812 osculatur.

1010 1598 1082 1630 Lib.
1103 1599 1162 1639 1.).

1046 1669 1096 1710 (Ρ)
1125 1671 1142 1688 '⁵
1174 1670 1318 1708 Tempore
1342 1670 1455 1699 minuti
1482 1670 1577 1700 unius
1601 1669 1707 1708 primi.
1756 1668 1841 1704 Quia

1011 1711 1167 1741 undarum
1199 1711 1279 1742 datae
1307 1710 1479 1741 latitudinis
1506 1710 1651 1740 velocitas
1679 1711 1839 1751 aequabilis

1006 1769 1053 1793 est
1069 1765 1122 1804 (ex
1133 1762 1244 1802 dem.).
1284 1762 1315 1792 Si
1327 1761 1422 1792 undae
1435 1761 1568 1792 latitudo
1583 1761 1654 1792 data
1664 1759 1739 1801 ped-⁴
1751 1755 1838 1806 δή,

1007 1815 1139 1846 ducatur
1159 1815 1193 1844 in
1214 1822 1336 1854 tempus
1358 1814 1426 1851 60”,
1453 1815 1570 1844 factum
1587 1805 1673 1855 1833}
1689 1813 1759 1852 ped.
1782 1815 1841 1845 erit

1007 1858 1140 1897 spatium
1154 1857 1239 1897 quod
1254 1857 1339 1887 unda
1353 1863 1490 1895 tempore
1503 1857 1617 1887 minuti
1631 1856 1726 1887 unius
1746 1856 1839 1895 primi

1007 1910 1062 1930 seu
1090 1900 1283 1930 minutorum
1315 1899 1521 1929 secundorum
1552 1904 1603 1934 60,
1637 1898 1780 1929 describit
1808 1905 1840 1929 et

1007 1952 1102 1983 ducto
1115 1962 1221 1982 rursus
1234 1952 1294 1982 hoc
1309 1961 1440 1982 numero
1459 1941 1542 1991 188}
1559 1951 1591 1980 in
1608 1949 1667 1986 60'‚
1690 1948 1839 1988 produce-

1006 2001 1058 2025 tur
1071 1995 1204 2034 spatium
1222 1993 1402 2033 llooopetl.
1416 1993 1500 2034 quod
1510 1993 1598 2024 unda
1606 1999 1743 2031 tempore
1751 1992 1837 2022 horae

1006 2037 1100 2067 unius
1114 2036 1245 2067 conficit.

1050 2107 1096 2150 (¹¹)
1111 2110 1127 2128 ⁹
1143 2110 1238 2139 Corol.
1259 2111 1288 2138 2.
1326 2107 1491 2138 Undarum
1511 2106 1686 2137 velocitates
1706 2111 1779 2135 sunt
1800 2110 1837 2135 ut

1007 2150 1185 2181 earumdem
1199 2149 1377 2180 latitudinffi
1390 2148 1504 2179 directe
1519 2156 1550 2179 et
1563 2155 1703 2187 tempora
1723 2148 1836 2187 quibus

1008 2193 1187 2223 latitudines
1200 2192 1268 2222 illas
1282 2197 1465 2231 percurrunt
1485 2190 1602 2220 inverse
1618 2192 1662 2231 (5.
1682 2189 1753 2219 Lib.
1773 2189 1831 2226 1.).

1009 2235 1069 2266 sed
1083 2241 1219 2273 tempora
1233 2235 1286 2264 illa
1300 2240 1373 2264 sunt
1386 2234 1419 2263 in
1434 2232 1646 2271 subduplicatzi
1660 2231 1776 2261 ratione
1791 2229 1836 2261 la·

1006 2277 1176 2319 titudinum
1197 2277 1352 2307 undarum
1366 2286 1422 2307 seu
1436 2275 1667 2317 longitudinum
1683 2275 1836 2314 pendulo-

1006 2330 1076 2349 rum
1091 2330 1160 2359 quae
1175 2330 1212 2350 eo
1226 2326 1362 2358 tempore
1376 2329 1438 2359 quo
1452 2319 1546 2349 undae
1567 2317 1744 2349 latitudines
1764 2328 1836 2348 suas

1007 2362 1191 2399 describunt,
1221 2362 1317 2392 semel
1341 2361 1521 2392 oscillantur
1550 2362 1638 2403 (472.
1672 2360 1743 2390 Lib.
1773 2359 1831 2399 1.).

1010 2404 1174 2435 Undarum
1187 2404 1284 2445 igitur
1297 2404 1471 2435 velocitates
1485 2410 1558 2434 sunt
1572 2404 1604 2433 in
1618 2402 1737 2433 ratione
1750 2411 1835 2432 com-

1007 2447 1103 2486 posits
1118 2457 1155 2477 ex
1170 2447 1286 2477 ratione
1307 2446 1508 2477 latitudinum
1530 2445 1644 2476 directe
1666 2451 1697 2475 et
1717 2444 1835 2474 ratione

1006 2488 1220 2529 subduplicata
1251 2489 1428 2519 earumdem
1468 2488 1668 2519 latitudinum
1703 2485 1832 2524 inverse,

1006 2530 1137 2606 {ligoque
1151 2538 1226 2569 sunt
1235 2531 1268 2562 in
1277 2532 1394 2562 ratione
1408 2528 1623 2570 subduplicatfi
1634 2528 1834 2560 latitudinum

1055 2574 1129 2606 ecte.

1051 2651 1095 2693 (¹)
1113 2653 1130 2671 θ
1154 2651 1258 2681 Verius
1267 2651 1312 2699 fis
1329 2659 1386 2689 per
1400 2649 1559 2684 circulum,
1582 2656 1636 2676 seu
1651 2654 1706 2684 per
1725 2653 1835 2675 arcum

1009 2693 1211 2724 curvilineum
1226 2702 1279 2732 qul
1294 2691 1393 2732 magis
1414 2690 1530 2721 accedit
1544 2689 1584 2719 ad
1598 2688 1729 2728 figuram
1744 2685 1833 2717 arc-“as

1009 2736 1165 2767 circularis
1182 2734 1276 2776 quim
1290 2734 1330 2765 ad
1343 2734 1477 2774 figuram
1496 2730 1611 2762 canalis
1630 2729 1780 2761 rectilinei
1799 2728 1833 2758 in

1010 2790 1072 2820 quo
1087 2788 1176 2820 aqua,
1192 2776 1276 2808 recta
1289 2775 1426 2808 ascendit
1435 2780 1468 2806 et
1479 2771 1644 2805 deseendit.
