2066 3548
211 238 290 276 152
609 231 1062 277 PHILOSOPHIAE
1092 233 1458 277 NATURALIS
1541 233 1690 287 [Mor.
1711 234 1917 278 Cottum

205 344 251 389 D
271 345 316 387 in
334 345 472 387 medio
490 359 576 387 non
595 347 808 388 resistente
838 346 1071 388 retardatur
1090 346 1134 387 in
1164 346 1202 388 E
1232 354 1294 388 est
1313 354 1359 387 ut
1381 345 1417 387 C
1440 345 1492 396 E,
1522 354 1565 387 et
1584 347 1644 388 vis
1665 345 1745 403 qua
1767 360 1918 402 corpus

205 415 235 456 d
252 418 296 457 in
316 417 453 458 medio
471 417 687 459 resistente
716 416 949 459 retardatur
967 417 1012 458 in
1032 432 1055 458 e
1076 425 1138 459 est
1165 424 1212 458 ut
1239 431 1400 459 summa
1428 416 1490 458 vis
1513 417 1550 458 C
1569 432 1593 457 e
1613 425 1655 458 et
1673 417 1917 459 resistentia

208 485 243 528 C
265 487 320 537 O,
342 487 384 529 id
406 496 467 529 est
486 495 533 529 ut
555 488 595 530 O
616 503 662 537 e3
693 487 870 544 ideoque
898 488 1019 538 vires,
1055 487 1201 544 quibus
1229 502 1404 542 corpora
1433 487 1707 538 retardantur,
1744 496 1843 530 sunt
1869 496 1917 530 ut

153 546 159 551 ¹
203 559 380 601 arcubus
403 560 439 601 C
462 560 512 610 E,
539 560 580 602 O
596 575 619 601 e
638 560 968 615 proportionales
988 574 1107 602 arcus
1130 559 1167 601 C
1189 559 1240 609 B,
1274 559 1315 601 O
1340 560 1377 601 B
1389 575 1400 609 ;
1433 558 1692 614 proindeque
1720 559 1914 601 velocita-

202 637 276 681 tes,
313 631 352 671 in
385 630 480 672 data
511 630 579 672 illa
609 631 768 673 ratione
796 631 1028 681 retardatae,
1064 639 1234 671 manent
1261 630 1306 671 in
1330 629 1476 692 eadem
1510 629 1580 670 illa
1615 628 1711 671 data
1741 631 1913 672 rationo.

203 701 450 743 velocitates
470 702 595 758 igitur
615 710 657 744 et
675 717 794 744 arcus
813 702 959 743 iisdem
979 701 1174 756 descripti
1194 715 1356 756 semper
1375 708 1471 742 sunt
1490 700 1545 741 ad
1564 700 1739 742 invicem
1758 701 1803 742 in
1817 700 1913 743 data

201 767 271 813 ills
301 772 460 814 ratione
491 788 662 816 arcuum
697 774 735 816 C
757 774 795 815 B
815 781 856 815 et
878 773 919 815 O
942 773 1002 823 B;
1034 772 1086 828 (²²)
1108 780 1150 813 et
1168 779 1389 827 propterea
1409 772 1443 813 si
1464 779 1679 813 sumantur
1698 786 1816 814 arcus
1836 773 1913 815 toti

202 844 244 886 A
266 844 316 895 B,
338 860 364 887 a
388 845 426 888 B
454 846 498 887 in
520 846 666 890 eadem
699 848 871 899 ratione,
903 861 1078 902 corpora
1106 845 1166 897 D,
1202 845 1232 887 d
1261 844 1383 887 simul
1410 845 1645 888 describent
1672 845 1748 888 hos
1777 859 1910 897 arcus,

193 1895 235 1929 et
273 1888 316 1928 in
355 1887 455 1928 locis
496 1887 537 1927 A
572 1893 613 1928 et
647 1901 672 1927 a
705 1892 867 1927 motum
906 1899 1074 1927 omnem
1113 1883 1236 1926 simul
1275 1883 1476 1926 amittent.
1536 1886 1777 1931 Isochronae
1817 1898 1916 1933 sunt

191 1960 319 2017 igitur
353 1959 627 2002 oscillationes
657 1966 769 2009 totae,
803 1965 844 2000 et
872 1958 1048 1999 arcubus
1077 1957 1173 1998 totis
1204 1956 1242 1998 B
1264 1956 1317 2007 A,
1352 1956 1389 1998 B
1410 1972 1434 1998 a
1452 1960 1786 2013 proportionales
1818 1971 1916 2005 sunt

193 2046 364 2073 arcuum
395 2039 533 2087 partes
562 2030 758 2087 quaeIibet
779 2029 817 2071 B
837 2029 896 2080 D,
920 2029 958 2071 B
979 2028 1008 2070 d
1027 2027 1094 2070 vel
1115 2028 1152 2070 B
1175 2027 1226 2078 E,
1251 2027 1289 2069 B
1310 2042 1333 2068 e
1353 2040 1447 2083 quae
1467 2028 1590 2070 simul
1610 2030 1913 2076 describuntur.
1938 2058 1943 2059 ν

195 2104 251 2154 Q.
273 2121 308 2146 e.
329 2105 370 2146 d.

255 2177 386 2218 Corol.
448 2175 582 2233 Igitur
610 2182 747 2216 motus
782 2171 1062 2214 velocissimus
1091 2171 1136 2212 in
1164 2171 1305 2212 medio
1335 2171 1549 2214 resistente
1581 2188 1668 2216 non
1697 2176 1842 2220 incidit
1869 2178 1915 2221 in

124 2295 127 2298 ,
192 2256 395 2304 punctum
424 2247 614 2288 infimum
647 2246 698 2296 C,
738 2246 791 2301 (¹)
814 2244 886 2286 sed
905 2243 1112 2299 reperitur
1131 2243 1175 2283 in
1195 2250 1352 2297 puncto
1371 2242 1443 2284 illo
1465 2243 1519 2294 O,
1551 2259 1635 2301 quo
1654 2261 1772 2288 arcus
1802 2256 1913 2290 totus

185 2322 424 2378 descriptus
459 2337 484 2363 a
515 2321 554 2362 B
587 2320 808 2361 bisecatur.
870 2317 927 2359 Et
961 2331 1116 2372 corpus
1150 2315 1325 2357 subinde
1355 2315 1571 2372 pergendo
1602 2317 1657 2359 ad
1687 2334 1723 2370 a,
1765 2320 1912 2364 iisdem

195 2393 393 2450 gradibus
426 2390 661 2434 retardatur
700 2389 849 2446 quibus
889 2397 1011 2430 antea
1049 2386 1356 2429 accelerabatur
1394 2386 1437 2427 in
1469 2386 1670 2431 descensu
1701 2405 1777 2432 suo
1811 2407 1837 2437 a
1871 2394 1911 2447 Β

196 2468 250 2510 ad
273 2468 327 2511 O.

241 2626 286 2668 (¹²)
305 2628 321 2646 ¹⁸
339 2626 383 2658 Et
404 2632 569 2667 propterea.
617 2625 650 2656 si
674 2629 815 2655 sumatur
836 2632 925 2654 arcus
948 2622 979 2653 A
1005 2622 1032 2653 C
1119 2620 1166 2661 (¹)
1185 2622 1202 2641 ¹*
1220 2622 1277 2652 Sed
1291 2621 1440 2661 reperitur
1454 2621 1488 2652 in
1497 2628 1614 2661 puncto
1629 2623 1680 2654 illo
1699 2624 1734 2661 0,
1757 2635 1826 2665 quo,
1848 2625 1908 2659 διο,

198 2668 324 2710 aequalis
341 2670 367 2699 C
383 2670 422 2706 B,
438 2675 469 2699 et
482 2667 596 2699 deinde
612 2677 701 2698 arcus
714 2678 734 2698 a
744 2667 773 2698 B
789 2666 829 2697 ad
837 2675 943 2696 arcum
956 2665 986 2695 A
1002 2664 1032 2695 B
1077 2663 1161 2694 Nam
1177 2663 1254 2694 ratio
1269 2662 1465 2694 velocitatum
1476 2663 1508 2693 in
1517 2664 1627 2694 mediis
1637 2665 1794 2697 resistente
1803 2673 1835 2700 et
1845 2678 1910 2700 non

196 2710 231 2740 in
250 2710 323 2742 data
344 2712 462 2742 ratione
486 2712 517 2743 O
536 2711 565 2742 B
580 2709 619 2742 ad
638 2710 664 2741 C
681 2710 730 2747 B;
756 2718 884 2748 corpora
911 2708 944 2738 D
960 2713 992 2738 et
1011 2706 1034 2738 d
1075 2706 1233 2738 resistente
1255 2711 1303 2736 est
1323 2715 1443 2744 semper
1461 2705 1570 2736 eadem
1589 2707 1622 2736 in
1644 2709 1768 2747 punctis
1792 2719 1908 2743 eon-Q.

197 2753 291 2783 simul
314 2753 486 2784 describent
507 2755 564 2784 hos
588 2763 686 2790 arcus,
711 2757 743 2782 et
766 2751 800 2782 in
822 2750 896 2781 locis
911 2750 942 2780 A
960 2755 991 2780 et
1011 2760 1030 2779 a
1071 2748 1280 2789 pendentibus
1294 2747 1377 2778 utin
1389 2747 1409 2778 d
1426 2754 1458 2778 et
1474 2749 1518 2786 D,
1541 2749 1575 2779 in
1593 2749 1623 2780 0
1639 2756 1670 2781 et
1687 2751 1724 2788 C,
1746 2751 1780 2781 in
1791 2762 1808 2782 e
1819 2754 1908 2792 etE3

196 2801 317 2826 motum
339 2806 464 2826 omnem
487 2796 583 2826 simul
604 2795 755 2826 amittent.
796 2793 880 2824 Nam
902 2802 975 2822 cum
991 2791 1030 2822 sit
1072 2790 1125 2822 sed
1137 2791 1270 2830 corporis
1291 2791 1324 2820 in
1345 2790 1448 2821 medio
1473 2800 1537 2821 non
1563 2791 1718 2824 resistente
1743 2794 1910 2828 osculantis

197 2847 316 2876 semper
331 2849 418 2869 arcus
437 2839 462 2869 C
481 2839 510 2869 E
528 2838 568 2869 ad
585 2839 615 2870 Ο
632 2847 649 2868 e
663 2843 699 2868 ut
717 2838 742 2868 C
762 2837 790 2867 B
805 2835 845 2866 ad
863 2835 892 2866 Ο
911 2835 951 2871 Β,
975 2844 1030 2864 seu
1073 2833 1217 2864 velocitas
1230 2833 1366 2864 maxima
1380 2839 1425 2863 est
1439 2832 1471 2862 in
1486 2833 1555 2864 loco
1570 2833 1678 2865 infimo
1696 2835 1733 2872 C,
1749 2842 1781 2868 et
1794 2837 1906 2870 iisdem

188 2885 232 2914 ,ut
250 2881 275 2910 C
295 2882 323 2910 A
340 2881 380 2911 ad
404 2881 434 2912 Ο
451 2892 477 2917 a,
505 2881 559 2911 ubi
580 2891 669 2912 arcus
687 2881 713 2911 C
730 2879 760 2910 E
776 2877 900 2919 aequalis
922 2876 1030 2908 evadet
1073 2877 1221 2917 gradibus
1243 2875 1413 2906 retardatur
1427 2875 1460 2905 in
1474 2886 1610 2912 ascensu,
1627 2878 1739 2918 quibus
1753 2885 1845 2912 antea
1856 2890 1908 2912 ne.

192 2916 281 2952 'arcui
300 2924 325 2954 C
346 2924 384 2960 A,
409 2923 460 2954 flet
476 2933 599 2964 quoque
614 2933 702 2954 arcus
720 2922 750 2953 Ο
767 2932 784 2952 e
799 2920 924 2961 aequnlis
945 2919 1029 2950 arcui
1072 2919 1260 2950 celerabatur
1274 2919 1307 2948 in
1321 2917 1489 2955 descensu;
1516 2929 1611 2959 quare
1630 2926 1734 2951 motus
1755 2921 1908 2954 veloehni-

198 2960 230 2991 0
241 2974 280 3001 a3
306 2971 337 2995 et
350 2965 423 3005 quia
436 2973 540 2996 motus
555 2966 587 2996 in
602 2965 705 2996 medio
720 2974 784 2995 non
797 2963 955 2994 resistente
976 2971 1029 2992 ex·
1072 2972 1143 2991 mus
1159 2962 1191 2991 in
1205 2960 1308 2992 medio
1322 2960 1478 2991 resistente
1493 2962 1642 3000 reperitur
1652 2962 1684 2994 in
1699 2963 1740 3000 O,
1756 2963 1907 2996 etiindem

195 3006 350 3047 tinguitur
364 3007 397 3037 in
416 3009 457 3045 A,
481 3010 521 3039 ob
546 3009 572 3039 C
592 3009 621 3039 A
637 3019 683 3037 =
702 3008 727 3039 C
746 3008 795 3046 B;
819 3007 851 3037 in
866 3004 969 3036 medio
984 3014 1030 3034 re-
1075 3003 1197 3034 deinde'
1212 3003 1358 3046 gradibus
1381 3003 1551 3034 retardatur
1573 3003 1607 3034 in
1628 3015 1767 3044 ascensu,
1792 3006 1906 3050 quibus

195 3047 320 3080 sistente
335 3049 534 3090 extinguetur
547 3060 671 3091 quoque
691 3050 725 3080 in
746 3060 775 3089 a,
798 3059 836 3080 eo
850 3047 933 3089 quod
947 3047 1031 3078 velo-
1074 3052 1146 3078 ante
1161 3047 1385 3078 accelerabatur
1399 3045 1432 3076 in
1447 3045 1604 3078 descensu.

195 3090 302 3122 οἰκεῖα
315 3091 348 3122 ἰιι
363 3091 438 3122 locis
454 3093 495 3129 E,
511 3103 529 3123 e
543 3098 574 3124 et
591 3094 615 3123 A
623 3113 633 3130 ‚
657 3103 676 3123 a
689 3091 750 3123 sint
763 3092 797 3123 in
811 3089 886 3123 data
899 3089 1026 3121 ratione.
