2066 3548
137 274 286 316 met
308 273 530 322 Secum]
597 266 918 312 PRINCIPIA
959 265 1455 308 MATHEMATICA.
1774 269 1858 309 227

353 439 729 486 PROPOSITIO
758 437 1010 483 XXXVII.
1069 432 1431 487 THEOREMA
1462 434 1643 476 XXIX.

139 560 338 617 cylindri,
361 560 432 613 qui
451 560 494 599 in
506 557 648 614 fluido
668 567 883 608 compresso
915 553 1074 606 infinito
1093 558 1133 592 et
1151 565 1231 592 non
1260 552 1423 592 elastico
1446 551 1654 591 secundum
1682 549 1856 603 longitu-

194 634 325 674 dinem
346 645 456 672 suam
471 628 724 689 uniformiter
730 627 1007 681 progreditur,
1028 624 1269 673 resistentia,
1293 637 1381 677 quae
1395 625 1527 664 oritur
1537 637 1565 663 a
1579 623 1856 678 magnitudine

192 703 376 745 sectionis
405 707 652 749 transversae,
684 703 742 738 est
759 698 815 737 ad
835 698 911 737 vim
936 694 1014 750 qua
1041 701 1143 738 totus
1167 693 1248 748 ejus
1275 700 1410 743 motus,
1455 694 1610 734 interea
1636 695 1727 734 dum
1756 707 1856 748 qua-

191 770 662 827 druplumtongitudinis
682 782 763 808 suae
777 767 974 815 describit,
998 767 1059 808 vel
1073 765 1163 806 tolli
1174 765 1304 818 possit
1322 765 1382 805 vel
1389 765 1593 818 generari,
1615 770 1660 804 ut
1680 750 1856 805 densitas
1878 785 1881 790 ·

193 846 315 887 medii
335 846 391 885 ad
410 844 643 885 densitatem
663 841 839 896 cylindri
858 834 1166 894 quamproxime.

197 961 308 1003 Nam
338 961 373 1001 si
402 974 473 1000 vas
504 959 545 1000 A
568 958 605 1000 B
628 957 670 998 D
694 957 731 999 C
759 955 890 997 fundo
920 969 996 996 suo
1032 953 1069 995 C
1101 953 1144 995 D
1181 950 1442 1006 superficiem
1476 965 1595 1006 aquae
1627 951 1854 1006 stagnantis

136 1040 292 1088 tangat,
324 1039 366 1072 et
385 1045 493 1086 aqua
512 1043 566 1070 ex
585 1028 666 1069 hoc
684 1042 780 1068 vase
800 1040 876 1082 per
896 1025 1081 1067 canalem
1103 1022 1377 1079 cylindricum
1409 1021 1446 1062 E
1470 1021 1505 1062 F
1527 1020 1568 1062 T
1592 1021 1622 1062 S
1650 1020 1856 1061 horizonti

134 1103 520 1160 perpendicularem
551 1101 595 1141 in
630 1114 779 1156 aquam
814 1106 1074 1155 stagnantem
1108 1094 1259 1145 effluat,
1300 1094 1460 1135 locetur
1492 1102 1630 1134 autem
1665 1092 1855 1134 circellus

138 1175 175 1217 P
196 1175 240 1225 Q
265 1173 471 1216 horizonti
497 1171 718 1228 parallelus
739 1170 871 1212 ubivis
891 1170 934 1210 in
955 1168 1094 1210 medio

136 1247 302 1296 canalis,
334 1254 375 1287 et
403 1236 657 1300 producat‘ur
687 1242 723 1283 C
746 1242 783 1283 A
806 1241 860 1282 ad
881 1241 936 1291 K,
967 1249 1014 1282 ut
1043 1241 1095 1281 sit

137 1319 178 1360 A
201 1317 244 1359 K
265 1317 319 1358 ad
342 1317 378 1358 C
403 1316 445 1357 K
475 1316 518 1356 in
546 1313 752 1369 duplicata
781 1313 940 1354 ratione
970 1327 1096 1368 quam

134 1389 262 1431 habet
282 1403 475 1430 excessus
497 1387 644 1429 orificii
664 1385 817 1426 canalis
846 1385 884 1426 E
907 1385 943 1426 F
972 1400 1095 1439 supra

136 1461 351 1504 circellum
383 1460 420 1502 P
442 1460 486 1510 Q
505 1459 559 1501 ad
579 1458 790 1500 circellum
811 1459 852 1499 A
874 1457 935 1498 B:
965 1457 1096 1497 mani-

136 1533 286 1575 festum
307 1539 383 1586 est*
403 1535 496 1586 (per
518 1531 613 1572 Cas.
633 1535 672 1572 5.
696 1529 791 1570 Cas.
813 1535 852 1571 6.
875 1537 916 1570 et
937 1528 1034 1569 Cor.
1061 1534 1096 1568 1.

138 1603 263 1658 Prop.
302 1601 544 1653 XXXVI.)
586 1600 699 1657 quod
739 1599 936 1642 velocitas
977 1603 1097 1655 aquae

136 1673 384 1717 transeuntis
414 1688 491 1729 per
531 1673 711 1729 spatium
752 1671 954 1712 annulare
992 1672 1100 1712 inter
1158 1674 1164 1692 ⁷

138 1746 351 1789 circellum
366 1754 407 1787 et
420 1746 550 1786 latera
563 1744 683 1795 vasis,
699 1758 747 1785 ea
762 1744 840 1785 erit
854 1757 978 1798 quam
993 1755 1100 1797 aqua

137 1817 324 1861 cadendo
344 1825 385 1858 et
396 1831 503 1873 *casu
523 1830 599 1858 suo
619 1813 895 1856 describendo
919 1811 1099 1854 altitudi-

136 1905 234 1932 nem
257 1890 300 1931 K
323 1889 360 1931 C
381 1888 446 1930 vel
468 1887 488 1929 I
512 1887 555 1930 G
574 1886 788 1943 acquirere
808 1892 959 1941 potest.

198 1961 256 2003 Et
276 1964 368 2015 (per
390 1959 530 2001 Corol.
558 1965 623 2001 10.
649 1959 776 2014 Prop.
799 1955 1043 2007 XXXVI.)
1066 1955 1097 1995 si
1157 1948 1160 1954 ’

139 2030 246 2072 vasis
281 2029 456 2071 latitudo
486 2030 539 2071 sit
571 2029 746 2080 infinita,
789 2030 839 2084 (Β)
872 2036 921 2070 ut
944 2026 1100 2068 lineola

143 2102 189 2144 H
214 2102 236 2150 Ι
266 2108 483 2143 evanescat
511 2109 553 2142 et
586 2100 820 2141 altitudines
850 2100 872 2141 I
895 2099 950 2149 G,
984 2098 1034 2140 H
1056 2098 1099 2140 G

142 2186 382 2234 aequentur:
417 2178 479 2219 vis
508 2192 627 2233 aquae
647 2175 866 2218 defluentis
886 2176 931 2216 in
951 2175 1162 2217 circellum
1183 2177 1260 2218 erit
1280 2175 1333 2216 ad
1353 2174 1517 2230 pondus
1544 2170 1721 2228 cylindri
1742 2171 1857 2224 cujus

141 2250 250 2292 basis
270 2258 332 2291 est
351 2248 539 2295 circellus
561 2247 628 2290 ille
650 2258 691 2290 et
711 2247 885 2290 altitudo
905 2254 968 2288 est
987 2250 1012 2300 ὲ
1037 2247 1058 2288 Ι
1081 2247 1137 2297 G,
1159 2256 1206 2288 ut
1227 2247 1265 2289 E
1290 2246 1324 2287 F
1337 2261 1362 2302 q
1383 2244 1437 2286 ad
1459 2244 1498 2285 E
1515 2243 1551 2284 F
1564 2244 1699 2298 (1-ὲ
1719 2241 1755 2282 Ρ
1772 2240 1816 2289 Q
1831 2254 1859 2295 q

143 2319 470 2377 quamproxime.
531 2319 643 2361 Nam
675 2320 733 2361 vis
764 2333 895 2375 aquae,
928 2318 979 2373 (ὓ)
1001 2318 1196 2363 uniformi
1224 2325 1342 2359 motu
1371 2314 1588 2357 defluentis
1618 2328 1694 2368 per
1723 2320 1858 2354 totum

145 2391 344 2442 canalem,
391 2390 536 2433 eadem
573 2390 650 2432 erit
688 2390 732 2431 in
771 2389 981 2431 circellum
1023 2388 1060 2430 P
1093 2388 1136 2438 Q
1174 2389 1218 2429 in
1257 2387 1504 2444 quacunque
1548 2383 1702 2426 canalis
1741 2391 1859 2438 parte

144 2461 339 2503 locatum.

208 2533 468 2575 Claudantur
480 2535 569 2589 jam
589 2533 742 2575 canalis
763 2532 921 2574 orificia
943 2532 981 2573 E
996 2531 1044 2582 F,
1071 2532 1100 2574 S
1114 2531 1167 2582 T,
1190 2538 1230 2571 et
1249 2529 1446 2571 ascendat
1466 2527 1654 2570 circellus
1674 2527 1718 2566 in
1731 2525 1861 2567 fluido

117 2621 121 2648 ς
148 2604 330 2660 undique
358 2620 609 2662 compresso,
641 2614 683 2648 et
702 2620 874 2647 ascensu
902 2619 979 2645 suo
1009 2614 1131 2662 cogat
1154 2618 1302 2660 aquam
1330 2602 1586 2658 superiorem
1613 2599 1861 2641 descendere

147 2689 223 2730 per
243 2674 640 2730 spatiumrannulare
661 2676 769 2716 inter
789 2673 1000 2716 circellum
1020 2683 1060 2716 et
1079 2674 1208 2715 latera
1228 2674 1403 2715 canalis:
1436 2681 1477 2713 et
1496 2670 1690 2711 velocitas
1710 2668 1863 2710 circelli
1917 2698 1920 2700 -

149 2746 408 2789 ascendentis
430 2748 508 2790 erit
527 2743 584 2790 ad
601 2748 859 2790 velocitatem
879 2762 998 2803 aquae
1018 2747 1306 2789 descendentis
1338 2747 1385 2803 (⁰)
1407 2754 1453 2787 ut
1472 2744 1702 2786 differentia
1731 2742 1864 2784 circu-

148 2821 286 2862 lorum
307 2821 345 2862 E
367 2821 402 2862 F
422 2831 463 2864 et
485 2823 520 2865 P
542 2823 586 2873 Q
605 2822 659 2863 ad
680 2820 880 2863 circulum
912 2821 948 2863 P
970 2820 1026 2872 Q,
1063 2829 1104 2862 et
1133 2820 1327 2862 velocitas
1349 2818 1502 2860 circelli
1522 2816 1780 2858 ascendentis
1810 2814 1864 2856 ad

193 2950 241 2992 (²)
258 2952 276 2970 ⁸
300 2952 342 2981 Ut
355 2951 464 2987 lineola
480 2953 519 2982 H
530 2953 552 2982 I
562 2958 729 2983 evanescat.
779 2951 841 2981 Per
858 2950 929 2981 Cor.
951 2954 978 2981 1.
1028 2950 1200 2982 uniformes
1214 2955 1287 2979 sunt
1303 2955 1337 2978 ut
1353 2949 1450 2987 spatia
1464 2948 1571 2979 eodem
1583 2954 1720 2986 tempore
1731 2945 1865 2984 descrip-

152 2993 245 3032 Prop.
266 2993 462 3042 XXXVII.
480 2999 534 3024 aut
549 2996 618 3035 (per
632 3001 695 3024 not.
709 2993 811 3032 275.).
1026 3000 1079 3030 1a;
1105 2993 1158 3023 sed
1182 2991 1374 3022 intereadum
1396 2992 1530 3021 circulus
1552 2992 1578 3021 P
1599 2992 1632 3026 Q
1644 2991 1776 3029 spatium
1793 2988 1865 3018 soli-

194 3035 238 3078 (ὓ)
262 3037 280 3055 0
304 3036 459 3077 Ungfiwmi
478 3042 563 3068 motu
584 3038 746 3079 defluentis
770 3037 839 3076 (per
863 3035 932 3066 Cas.
951 3040 981 3067 6.
1028 3037 1117 3072 dum,
1135 3046 1187 3065 seu
1205 3034 1377 3074 cylindrum
1397 3034 1424 3064 P
1437 3034 1512 3069 Qx
1529 3034 1560 3064 R
1575 3032 1726 3068 describit,
1738 3031 1865 3062 descen-

153 3078 248 3116 Prop.
266 3078 336 3108 XX
342 3077 440 3107 XVI.
447 3077 471 3117 ).
895 3080 899 3083 '
1029 3078 1075 3109 dit
1090 3089 1181 3118 aquae
1195 3077 1349 3116 quantitas
1358 3076 1431 3106 huic
1441 3076 1580 3116 cylindro
1591 3075 1725 3116 aequalis,
1736 3081 1766 3104 et
1775 3083 1866 3113 prop-

195 3119 240 3162 (⁸)
257 3123 274 3140 ³
298 3122 339 3152 Ut
360 3121 530 3164 differentia
552 3122 746 3154 circulorum.
795 3119 985 3151 velocitates
1028 3119 1112 3152 terea
1138 3119 1269 3151 altitudo
1291 3119 1439 3150 verticalis
1459 3129 1514 3159 per
1534 3129 1628 3160 quam
1643 3128 1723 3159 aqua
1741 3116 1866 3147 descen-

974 3178 1002 3208 P
1020 3182 1039 3208 2
