2066 3548
168 254 316 296 Limen
338 254 555 307 Sirenum]
598 254 916 298 PRINCIPIA
947 254 1440 298 MATHEMATICA.
1784 261 1869 300 223

166 368 309 410 lumna
329 368 366 410 P
387 368 437 409 H
459 368 502 418 Q
522 383 708 411 convexa
735 370 814 410 erit
840 383 982 411 versus
1001 377 1260 420 cataractam,
1296 377 1338 411 et
1364 376 1586 425 propterea
1603 370 1735 428 major
1763 383 1870 412 cono

169 441 284 495 cujus
316 439 427 480 basis
460 447 521 481 est
549 440 736 481 circellus
765 439 835 481 ille
868 440 902 480 P
924 440 967 489 Q
996 449 1038 481 et
1066 440 1238 482 altitudo
1261 440 1304 482 G
1326 441 1388 490 H,
1419 440 1463 481 id
1484 448 1559 501 est,
1590 441 1721 494 major
1749 439 1872 482 tertia

167 521 285 567 parte
305 513 480 569 cylindri
501 514 645 555 eadem
661 513 762 554 ba'se
782 521 823 554 et
844 513 1059 555 altitudine
1079 513 1287 568 descripti.
1350 513 1533 555 Sustinet
1561 520 1699 554 autem
1728 512 1871 553 circel-

166 584 231 624 lus
250 583 320 625 ille
340 585 503 638 pondus
532 584 654 639 hujus
683 584 900 634 columnae,
934 584 977 624 id
1007 593 1081 635 est,
1116 584 1281 638 pondus
1316 584 1428 639 quod
1459 583 1644 638 pondere
1674 583 1769 624 coni
1798 597 1871 623 seu

166 655 299 697 tertiae
317 655 445 710 partis
466 655 640 711 cylindri
660 654 768 695 illius
788 656 918 710 majus
939 663 1013 696 est.

227 728 356 769 Corol.
379 733 418 768 8.
479 726 651 767 Pondus
685 741 804 782 aquae
836 741 961 782 quam
993 726 1182 767 circellus
1218 726 1336 767 valde
1366 741 1519 781 parvus
1550 728 1590 770 P
1606 727 1657 777 Q
1683 726 1872 777 sufflet,

165 800 301 841 minus
321 815 410 842 esse
429 800 593 842 videtur
612 801 798 855 pondere
817 801 994 842 duarum
1013 801 1231 842 tertiarum
1246 801 1434 856 partium·
1450 800 1627 856 cylindri
1648 794 1775 856 vaquae
1800 813 1873 841 cu-

158 871 228 925 jus
248 870 357 912 basis
378 878 440 912 est
460 871 647 913 circellus
667 871 736 912 ille
757 880 799 912 et
818 871 1078 913 altitudo&
1095 870 1151 913 H*
1167 871 1227 914 G«
1266 871 1378 913 Nam
1395 871 1598 913 stantibus
1612 872 1700 926 jam
1714 871 1872 926 positis,

165 942 344 984 describi
364 944 618 1000 intelligatur
637 944 858 986 dimidiu
875 943 1127 1000 sphaemidis·
1140 945 1257 1000 cnjus
1285 944 1396 985 basis
1425 952 1488 986 est
1517 945 1704 986 circellus
1735 944 1804 985 ille
1833 950 1876 985 et

165 1017 376 1058 semi-axis
397 1017 481 1058 sive
500 1013 759 1058 altitudo-est
779 1016 828 1058 H
849 1015 906 1059 G.
967 1016 1021 1072 (⁴³)
1051 1016 1108 1058 Et
1135 1016 1228 1057 haec
1256 1016 1392 1073 figura
1411 1017 1580 1073 aequalis
1605 1018 1684 1058 erit
1712 1016 1875 1058 duabus

164 1089 295 1130 tertiis
314 1088 696 1144 partibas-cylindri
714 1089 824 1130 illius
843 1097 886 1131 et
904 1089 1228 1144 comprehendet
1247 1090 1480 1131 columnam
1507 1105 1626 1146 aquae
1647 1089 1877 1146 congelatae

167 1161 204 1201 P
226 1161 274 1201 H
296 1158 341 1210 Q
366 1160 488 1214 cujus
520 1159 685 1214 pondus
711 1160 904 1202 circellus
935 1160 1004 1202 ille
1039 1160 1224 1202 sustinet.
1285 1160 1396 1202 Nam
1427 1169 1473 1202 ut
1506 1169 1651 1202 motus-
1674 1174 1794 1216 aquae
1822 1159 1877 1201 sit
1937 1160 1939 1163 ’

164 1230 345 1272 maxime
374 1230 567 1281 directus,
599 1231 802 1272 columnae
823 1231 930 1272 illius
952 1231 1189 1286 superficies
1210 1239 1383 1272 externa
1410 1240 1633 1274 concurret
1661 1247 1756 1273 cum
1785 1231 1877 1272 basi

168 1302 205 1344 P
226 1301 270 1350 Q
291 1304 339 1355 (Γ)
359 1300 403 1340 in
423 1300 576 1356 angulo
596 1301 785 1341 nonnihil
805 1308 939 1351 acuto,
960 1308 1182 1356 propterea
1202 1300 1320 1356 quod
1335 1315 1443 1357 aqua
1463 1302 1650 1350 cadendo
1669 1300 1876 1356 perpetuo

165 1374 415 1415 acceleratur
430 1381 476 1414 et
494 1381 665 1427 propter
684 1373 1020 1414 accelerationem
1040 1374 1090 1415 fit
1107 1372 1294 1422 tenuior3
1330 1381 1372 1414 et
1401 1373 1497 1414 cum
1516 1375 1694 1431 angulus
1724 1374 1794 1415 ille
1820 1373 1877 1415 sit

165 1454 279 1487 recto
299 1445 446 1494 minor,
477 1444 568 1485 haec
598 1444 789 1485 columna
807 1444 862 1485 ad
880 1444 1095 1486 inferiores
1113 1444 1200 1499 ejus
1219 1452 1356 1498 partes
1387 1445 1432 1499 (⁵)
1448 1445 1602 1500 jacebit
1621 1446 1729 1486 intra
1749 1444 1876 1486 dimi-

166 1517 283 1558 dium
318 1517 575 1571 sphaeroidis.
636 1519 683 1573 (‘)
708 1519 870 1561 Eadem
903 1518 1003 1561 vero
1033 1533 1196 1561 sursum
1226 1527 1346 1561 acuta
1365 1520 1442 1561 erit
1462 1536 1535 1562 seu
1565 1521 1791 1575 cuspidata,
1822 1535 1878 1562 ne

167 1589 431 1632 horizontalis
451 1600 588 1633 motus
604 1604 735 1649 aqu&
747 1592 802 1635 ad
820 1593 1018 1636 verticem
1038 1592 1282 1648 sphaeroidis
1303 1592 1356 1635 sit
1373 1592 1532 1635 infinite
1552 1594 1734 1635 velocior
1752 1591 1877 1650 quam

170 1718 201 1749 P
218 1719 252 1754 Q
264 1718 395 1751 sustinet
407 1719 696 1760 pondmeotumnae
710 1732 799 1762 aquae
816 1722 845 1752 P
860 1722 895 1752 H
915 1722 956 1758 Q„
972 1721 1006 1752 id
1047 1722 1170 1762 unguli
1196 1722 1233 1752 H
1252 1722 1283 1753 G
1307 1722 1336 1753 P
1352 1723 1385 1753 X
1411 1722 1550 1763 genitum
1560 1735 1570 1761 ;
1600 1722 1687 1754 unde
1709 1725 1779 1764 (per
1802 1724 1876 1756 Cor.

169 1767 227 1797 est,
242 1761 366 1799 pondus
378 1762 463 1803 quod
477 1764 580 1804 majus
591 1770 640 1795 est
654 1764 788 1803 pondere
803 1765 901 1795 tertiae
911 1765 1005 1803 partis
1050 1764 1139 1795 Lem.
1160 1765 1222 1795 Iv.
1248 1764 1317 1795 Li-b.
1339 1764 1386 1804 1.)
1415 1765 1668 1804 hemisphaerium
1694 1777 1732 1796 ex
1757 1766 1880 1797 revolu-

169 1803 405 1844 cylindri'aquae
426 1805 516 1845 cujus
536 1806 616 1836 basis
637 1812 683 1837 est
703 1806 845 1838 circellus
872 1807 900 1839 P
918 1807 952 1843 Q
971 1813 1004 1837 et
1047 1807 1132 1838 tione
1147 1807 1326 1848 quadrantis
1338 1807 1446 1838 circuli
1462 1809 1498 1838 H
1518 1809 1549 1838 R
1566 1809 1589 1839 S
1606 1808 1637 1839 G
1659 1808 1810 1848 genitum,
1832 1814 1879 1840 est

168 1844 303 1876 altitudo
320 1846 351 1877 G
369 1846 415 1877 H.
1042 1849 1082 1880 ad
1096 1849 1381 1888 hemisphaeroidem
1402 1860 1439 1880 ex
1461 1850 1612 1880 rotatione
1632 1851 1810 1891 quadrantis
1831 1851 1878 1882 el-

217 1886 265 1930 (Ψ)
282 1890 300 1908 ⁰
317 1890 364 1920 Et
379 1891 555 1933 hoecfigura
569 1893 694 1932 aequalis
707 1893 773 1928 erit,
789 1892 844 1922 8ιο.
887 1892 1001 1923 Centro
1043 1892 1155 1931 lipseos
1172 1892 1206 1922 H
1224 1892 1257 1922 N
1272 1892 1299 1922 P
1316 1893 1347 1922 G
1362 1892 1395 1922 in
1409 1891 1518 1923 eidem
1533 1893 1662 1923 ratione.
1689 1894 1770 1924 Cum
1782 1893 1879 1934 igitur

175 1929 218 1967 G,
245 1937 277 1960 et
303 1932 505 1964 semi-axibus
526 1933 698 1975 conjugatis
730 1935 761 1965 G
785 1934 821 1965 H
846 1940 876 1965 et
905 1935 935 1965 G
961 1934 998 1971 P,
1043 1935 1294 1974 hemispherium
1307 1935 1346 1965 sit
1359 1935 1400 1965 ad
1414 1935 1589 1975 cylindrum
1611 1935 1878 1975 circumscriptum

166 1970 361 2003 ,describatur
375 1974 515 2013 ellipseos
528 1976 680 2015 quadrans
697 1977 732 2006 Η
750 1977 782 2007 N
800 1977 836 2012 P,
852 1983 884 2007 et
898 1982 1003 2008 centro
1043 1982 1082 2007 ut
1096 1980 1116 2007 2
1130 1977 1169 2007 ad
1183 1980 1205 2007 3
1221 1980 1309 2026 (170.
1331 1977 1402 2008 Lib.
1424 1977 1491 2017 11.)
1508 1978 1566 2008 erit
1580 1979 1673 2008 etiam
1694 1979 1878 2017 hemisphae-

172 2015 280 2045 eodem
300 2015 330 2045 G
342 2026 377 2046 ac
391 2017 476 2047 radio
494 2017 524 2051 G
539 2018 573 2048 H
589 2018 696 2049 circuli
710 2018 863 2058 quadrans
874 2019 909 2049 H
925 2019 956 2049 R
968 2020 1001 2055 S,
1045 2019 1108 2049 τοῖς
1121 2019 1161 2049 ad
1175 2019 1350 2059 cylindrum
1372 2020 1638 2059 circumscriptum
1658 2020 1713 2060 qui
1728 2031 1783 2060 per
1796 2027 1877 2051 rota-

172 2056 444 2098 oompleenturque
451 2060 631 2100 rectangula
642 2061 675 2090 H
687 2061 716 2090 G
726 2060 754 2090 P
762 2061 796 2090 X
806 2067 838 2090 et
848 2061 884 2091 H
894 2061 925 2091 G
934 2062 999 2092 SZ.
1043 2061 1159 2091 tionem
1171 2062 1341 2102 rectanguli
1354 2062 1390 2092 H
1406 2063 1436 2093 G
1451 2063 1479 2093 P
1492 2063 1526 2093 X
1538 2069 1713 2103 generatur,
1724 2062 1759 2093 in
1769 2062 1879 2094 eidem

174 2098 319 2130 Dumm-
333 2099 366 2129 in
379 2100 496 2131 circulo
509 2102 650 2132 ordinata
660 2102 780 2142 quasvis
795 2102 827 2132 R
839 2103 888 2139 M,
904 2103 1003 2143 emp&
1043 2103 1161 2134 radone
1175 2107 1195 2133 2
1209 2104 1250 2134 ad
1261 2109 1291 2134 8.
1339 2105 1380 2140 Q„
1398 2115 1425 2135 e.
1443 2104 1474 2135 d.

1090 2155 1133 2197 (¹)
1151 2158 1167 2175 *
1185 2157 1228 2187 In
1237 2158 1348 2196 angulo
1356 2158 1497 2187 nonnihil
1506 2162 1603 2188 acido.
1635 2157 1719 2187 Nam
1730 2156 1878 2197 quemad-

1048 2198 1176 2229 modum
1192 2198 1326 2238 angulus
1339 2209 1432 2238 quem
1447 2205 1606 2229 cataracte
1624 2199 1654 2229 A
1669 2201 1697 2230 B
1713 2201 1744 2230 N
1759 2200 1786 2230 F
1796 2200 1826 2230 Ε
1840 2200 1879 2230 Μ

1050 2240 1226 2279 superficies
1249 2247 1375 2271 externa
1402 2242 1433 2270 A
1450 2241 1489 2271 M
1506 2241 1548 2278 E,
1575 2242 1604 2272 B
1623 2243 1652 2271 N
1671 2242 1698 2272 F
1720 2251 1791 2272 cum
1813 2241 1880 2272 basi

1053 2283 1079 2314 C
1097 2283 1136 2318 E,
1168 2283 1200 2313 D
1218 2282 1245 2312 F
1266 2283 1434 2319 constituit,
1460 2289 1506 2313 est
1526 2294 1645 2322 semper
1666 2290 1785 2321 acutus,
1806 2284 1880 2324 quia

1050 2335 1131 2366 aqua
1152 2324 1291 2355 cadendo
1313 2336 1432 2364 semper
1456 2326 1642 2357 acceleratur
1664 2326 1780 2368 (272).
1828 2327 1881 2357 Sic

1051 2368 1153 2404 etiam,
1176 2369 1216 2398 ob
1237 2368 1370 2399 eandem.
1386 2367 1545 2405 rationem,
1571 2369 1725 2400 columnae
1749 2368 1778 2399 P
1794 2368 1830 2399 H
1848 2369 1884 2405 Q,

1051 2409 1227 2449 superficies
1251 2418 1377 2441 externa
1397 2418 1558 2442 concurret
1578 2422 1651 2443 cum
1665 2411 1730 2442 basi
1748 2411 1776 2441 P
1793 2411 1828 2461 9,
1840 2411 1881 2460 ‘in

1051 2452 1169 2525 233¹&ss
1181 2453 1428 2532 Ξῗξηῖρῖηέ
1442 2454 1496 2527 ΞΠ
1503 2454 1881 2528 ῗοξὶωζὲῗὲἃιῗῗοῗὲ

1051 2547 1109 2568 axe
1126 2538 1160 2568 H
1180 2538 1219 2574 G,
1237 2538 1372 2578 angulus
1387 2539 1439 2569 ille
1456 2539 1491 2569 H
1511 2539 1538 2569 P
1557 2540 1587 2569 G
1602 2547 1705 2569 rectus
1718 2538 1838 2576 evadit3
1854 2538 1882 2569 si

1052 2580 1184 2610 circulus
1198 2587 1244 2610 δι
1258 2580 1346 2611 valde.
1360 2592 1491 2620 parvus;
1515 2582 1649 2622 angulus
1673 2582 1709 2611 H
1725 2581 1754 2611 P
1771 2581 1802 2611 G
1823 2580 1882 2612 erit

1051 2622 1116 2654 fere
1130 2630 1232 2653 rectus
1245 2633 1300 2654 seu
1315 2624 1457 2654 nonnihil
1470 2631 1590 2654 acutus.

1095 2681 1138 2724 (⁸)
1154 2683 1267 2714 Jacebit
1288 2682 1372 2714 intr&
1395 2684 1553 2713 dimidium
1567 2682 1749 2722 symm-uidit.
1798 2681 1883 2717 Quia

1055 2725 1105 2765 (ex
1121 2723 1232 2754 natura
1246 2724 1400 2764 ellipseos)
1417 2725 1449 2755 in
1464 2724 1524 2765 quai
1535 2731 1695 2764 tangentes
1709 2734 1763 2763 per
1776 2724 1883 2754 axium

198 2788 204 2799 ,
1053 2766 1180 2797 vertices
1204 2767 1306 2797 ductae
1328 2767 1459 2807 angulos
1480 2773 1578 2796 rectos
1592 2776 1664 2796 cum
1680 2767 1788 2797 axibus
1808 2776 1881 2796 con-

173 2827 343 2850 Μ
354 2819 390 2849 i„
407 2819 449 2857 N,
466 2821 527 2852 erit
552 2822 584 2852 R
601 2821 639 2852 Μ
654 2821 695 2852 ad
711 2821 744 2852 N
760 2821 808 2858 M,
831 2821 864 2852 in
879 2821 950 2853 Μ
960 2833 1011 2854 m-
1054 2809 1196 2843 stituunt,
1213 2809 1390 2848 sphaeroidis
1402 2809 1658 2848 superficiescum
1669 2808 1791 2839 cir-cello
1802 2808 1881 2845 PQ.

179 2861 264 2892 tione
282 2862 304 2892 s
321 2862 352 2892 G
366 2861 406 2892 aa
423 2862 452 2893 P
469 2863 500 2894 G
514 2866 603 2905 (247.
621 2864 686 2894 Lib.
706 2864 752 2902 1.)
770 2870 801 2894 et
814 2864 1010 2904 propoemasi
1055 2851 1209 2882 oencuffit
1222 2852 1256 2881 1¹¹
1272 2851 1388 2892 angulo
1402 2858 1493 2882 recta

304 2903 366 2934 iuae
379 2903 562 2935 circaue—m
579 2906 615 2936 H
634 2907 665 2936 G
685 2906 891 2943 revolvantur,
913 2908 1011 2938 circu·
1097 2908 1141 2949 (ἲ)
1160 2910 1176 2927 *
1195 2909 1314 2939 Eadem
1336 2907 1402 2939 verb
1427 2919 1553 2939 rursum
1574 2914 1666 2940 acula
1687 2910 1752 2939 erit.
1800 2906 1884 2940 Cim

179 2945 231 2976 lus
243 2956 337 2987 quem
353 2946 458 2977 radius
473 2948 510 2978 M
529 2949 560 2978 R
574 2948 608 2978 in
623 2947 681 2979 112⁴oe
695 2949 885 2979 revolutione
899 2949 1011 2981 descri-
1036 2983 1038 2985 ,
1056 2950 1138 2981 enim
1165 2957 1264 2989 partes
1286 2960 1374 2990 aquae
1388 2950 1504 2989 duplici
1519 2958 1606 2981 motu
1621 2952 1758 2982 ciuntur
1778 2950 1811 2980 in
1834 2950 1882 2988 H,

180 2989 243 3024 bet,
267 2989 324 3019 erit
337 2988 378 3019 ad
393 2988 544 3020 circulum
565 2991 651 3021 radio
668 2992 706 3021 M
726 2991 757 3021 N
773 2991 960 3030 descriptum
980 2993 1013 3023 in
1058 2993 1120 3023 alin
1134 2992 1268 3023 verticali
1283 2993 1336 3032 qui
1359 2993 1447 3032 lapsu
1462 3003 1515 3030 per
1529 2993 1724 3024 altitudinem
1741 2993 1758 3024 Ι
1775 2993 1811 3023 H
1834 3002 1885 3023 ac-

180 3029 255 3061 dau‘i.
279 3030 398 3062 ratione
422 3031 444 3062 S
461 3031 492 3062 G
506 3033 522 3051 ²
545 3033 585 3063 ad
610 3033 637 3064 P
656 3034 686 3064 G
703 3035 729 3070 ²,
756 3044 810 3063 seu
825 3033 857 3063 in
873 3034 947 3064 data
967 3045 1015 3066 ra-
1059 3035 1200 3076 quiritur,
1217 3034 1277 3065 alio
1291 3035 1474 3066 horizontali
1486 3045 1550 3076 quo
1563 3042 1665 3075 partes
1678 3045 1765 3076 nquae
1780 3034 1820 3066 ad
1834 3045 1885 3065 an

180 3073 266 3104 tione
278 3073 410 3114 cylindri
424 3084 518 3114 quem
538 3076 755 3117 rectnngulum
778 3076 814 3106 H
834 3076 865 3106 G
882 3076 904 3107 S
920 3077 946 3108 Ζ
966 3087 1016 3108 ro·-
1059 3084 1204 3109 muctam
1218 3077 1411 3109 formandam
1425 3077 1466 3108 ad
1479 3088 1512 3108 se
1526 3076 1636 3109 mutu&
1656 3077 1814 3114 accedunt,
1837 3076 1886 3107 uti

182 3116 279 3147 tando
299 3116 444 3148 describit
458 3115 499 3147 ad
512 3117 688 3158 cylindrum
713 3128 752 3150 ex
765 3118 931 3163 potatione
951 3129 1017 3152 rec-
1059 3119 1153 3161 supr&
1166 3119 1237 3152 ante
1252 3130 1312 3153 cas-
1333 3124 1360 3152 1.
1378 3119 1497 3152 dictum
1507 3127 1562 3159 est,
1577 3120 1670 3162 atque
1679 3119 1750 3152 ideo
1763 3118 1886 3162 guttula

664 3183 677 3207 V
