2066 3548
123 256 274 299 Lmen
294 255 511 309 Sisenna]
571 252 891 298 PRINCIPIA
932 247 1429 296 MATHEMATICA.
1752 258 1837 296 238

126 371 335 429 cylindrus
355 370 408 412 de
428 385 511 427 quo
531 370 705 428 agimus,
735 377 778 412 et
795 377 935 426 partes
955 376 1154 411 extremae
1174 369 1216 410 A
1239 369 1277 411 B
1298 369 1337 410 E
1357 375 1400 410 et
1421 368 1458 410 C
1479 368 1524 409 D
1546 367 1583 409 F
1602 367 1841 409 contineant

126 454 264 501 partes
294 445 414 486 fluidi
448 446 555 486 inter
588 459 634 486 se
667 443 921 500 quiescentes
955 450 998 485 et
1030 443 1075 484 in
1109 456 1286 497 corpora
1319 441 1406 483 duo
1443 439 1579 497 rigida
1612 448 1837 491 concretas,

126 532 220 574 quae
227 517 416 573 cylindro
427 516 621 573 utrinque
631 523 830 571 tanquam

125 595 250 644 caput
264 595 306 629 et
325 587 458 629 cauda
476 586 727 629 adhaereant.
768 585 826 628 Et

124 660 248 702 solidi
282 659 321 702 E
342 660 384 701 A
406 659 449 701 C·
465 659 502 701 F
521 659 567 702 D
589 657 642 708 B,
677 672 824 700 secun—

1315 591 1585 631 Hl————{G

124 733 226 774 dum
237 731 539 789 longitudinem
550 731 640 772 axis
653 729 717 772 sui
734 729 770 771 F
785 729 825 771 E
1567 735 1570 738 '

123 803 825 861 m
963 837 1273 873 ........................
1277 738 1666 906 [L]
1664 843 1757 865 -------
1793 779 1835 818 Β

123 876 189 928 tis,
226 875 459 918 resistentia
492 890 542 918 ea
571 876 650 917 erit
681 889 826 931 quam·
1264 871 1306 909 D

121 947 313 1003 proxime
344 962 469 1003 quam
497 947 542 988 in
572 946 652 988 hac
674 946 836 1001 Propo-

123 1021 272 1062 sitione
301 1020 607 1075 descripsimus,
640 1018 686 1060 id
715 1026 790 1069 est,
824 1029 918 1073 quae
948 1012 1153 1055 rationem
1171 1011 1285 1052 illam
1304 1009 1432 1052 habet
1451 1010 1506 1052 ad
1525 1010 1610 1052 vim
1631 1009 1712 1067 qua
1733 1017 1842 1053 totus

122 1091 300 1149 cylindri
329 1099 481 1143 motus,
522 1091 679 1133 interea
712 1089 814 1131 dum
851 1085 1072 1143 longitudo
1110 1090 1137 1126 4·
1167 1085 1209 1125 A
1240 1083 1276 1124 C
1315 1091 1433 1124 motu
1471 1083 1544 1124 illo
1582 1082 1844 1126 uniformiter

123 1164 363 1206 continuato
395 1163 653 1205 describatur
680 1162 747 1204 vel
776 1161 867 1204 tolli
885 1160 1018 1215 possit
1035 1157 1101 1199 vel
1120 1156 1323 1214 generari,
1357 1171 1482 1213 quam
1512 1156 1694 1198 densitas
1723 1156 1843 1198 fluidi

122 1237 249 1279 habet
279 1237 333 1278 ad
367 1237 614 1278 densitatem
645 1235 823 1293 cylindri
859 1230 1188 1290 quamproxime.

1250 1230 1302 1286 (⁴¹)
1336 1230 1393 1272 Et
1427 1229 1505 1272 hfic
1536 1230 1578 1272 vi
1611 1230 1844 1272 resistentia

122 1311 259 1352 minor
292 1325 382 1352 esse
413 1325 498 1352 non
531 1317 670 1365 potest
704 1307 830 1365 quam
859 1306 906 1347 in
936 1304 1097 1347 ratione
1132 1308 1159 1344 2
1194 1302 1247 1344 ad
1281 1308 1319 1344 3.
1352 1317 1429 1358 per
1466 1302 1608 1344 Corol.
1641 1306 1680 1347 7.
1713 1302 1842 1358 Prop.

125 1383 349 1425 XXXVI.

169 1505 215 1549 (²¹)
238 1509 256 1527 ⁴*
281 1509 327 1539 Et
350 1506 408 1539 Ιιᾶσ
435 1509 466 1539 υἱ
494 1509 662 1540 resistentia
691 1509 793 1539 minor
813 1516 875 1539 esse
898 1517 963 1538 non

121 1555 227 1590 potest,
265 1550 322 1580 &c-
372 1550 560 1581 Resistentia
592 1553 662 1593 (per
693 1551 765 1582 Cor.
798 1552 828 1582 7.
862 1549 956 1589 Prop.
1015 1562 1018 1565 *

129 1591 318 1631 XXXVI.)
342 1593 445 1623 minor
466 1603 532 1623 esse
552 1603 617 1623 non
638 1598 739 1632 potest
752 1591 889 1632 pondere
910 1602 965 1632 cy-

124 1634 218 1665 lindri
233 1645 331 1675 aquae,
355 1635 446 1676 cujus
466 1635 548 1667 basis
570 1641 617 1666 est
637 1635 780 1666 circellus
796 1635 825 1666 P
839 1636 873 1672 Q
887 1634 966 1677 (sive

130 1687 161 1718 A
180 1687 226 1727 B)
252 1694 284 1718 et
303 1688 435 1719 aititudo
458 1678 531 1729 &E
554 1688 584 1719 L
609 1698 665 1719 seu
687 1678 765 1729 {H
784 1687 826 1718 G.
875 1686 967 1728 (vm.

126 1729 246 1770 figuras
266 1731 467 1771 superiores.)
512 1730 668 1762 Velocitas
682 1740 776 1772 quam
795 1730 847 1760 hic
867 1729 966 1770 cylin-

127 1772 202 1802 drus
215 1783 317 1813 aquae,
341 1774 370 1803 vi
393 1773 538 1812 ponderis
552 1774 601 1804 sui
616 1773 754 1804 cadendo
768 1778 800 1802 et
814 1782 887 1803 casu
910 1782 968 1803 suo

126 1814 330 1846 describendo
355 1815 552 1857 altitudinem
579 1816 610 1847 E
627 1816 657 1846 L
678 1815 818 1856 acquirit,
842 1814 969 1864 aequalis

127 1863 174 1888 est
195 1857 351 1889 velocitati
372 1869 446 1889 cum
467 1869 530 1899 qua
552 1858 709 1909 cylindrus
727 1858 757 1888 A
776 1857 802 1888 C
820 1857 853 1888 D
871 1858 911 1894 Β,
933 1857 969 1887 ἰιι

129 1899 212 1940 aqua
227 1908 370 1931 movetur
386 1903 439 1943 (ex
455 1900 556 1940 dem.)
573 1907 605 1932 et
617 1899 688 1931 ideo
703 1899 777 1931 cum
790 1899 871 1931 basis
887 1900 919 1931 A
938 1900 967 1930 Β

131 1942 171 1973 sit
192 1942 286 1973 etiam
311 1944 436 1984 utrique
460 1943 601 1984 cylindro
629 1943 813 1979 communis,
842 1942 969 1982 pondus

129 1984 262 2024 cylindri
291 1996 381 2026 aquae
406 1986 465 2018 erit
488 1986 529 2017 ad
551 1986 615 2016 vim
624 1985 702 2027 qua
726 1992 810 2017 totus
837 1985 969 2026 cylindri

133 2029 164 2057 A
190 2027 220 2058 B
245 2028 278 2058 D
302 2029 328 2059 C
352 2034 466 2064 motus,
491 2038 554 2069 quo
579 2034 719 2068 tempore
739 2028 969 2068 longitudinem

132 2073 154 2100 4
170 2069 201 2100 A
221 2070 247 2101 C
271 2070 468 2101 uniformiter
481 2071 637 2106 describit,
654 2070 796 2111 generari
811 2071 907 2110 possit
919 2070 970 2101 vel

130 2111 210 2149 tolli,
237 2112 269 2142 in
292 2113 410 2143 ratione
433 2111 602 2152 composita
616 2123 654 2143 ex
669 2113 788 2143 ratione
809 2112 970 2143 densitatis

129 2165 219 2195 aquae
239 2155 280 2185 ad
302 2155 485 2186 densitatem
507 2155 638 2195 cylindri
659 2155 691 2186 A
708 2155 738 2186 B
756 2155 789 2186 D
808 2155 845 2192 C,
868 2161 900 2185 et
919 2165 970 2185 ra-

129 2205 214 2236 tione
235 2205 409 2237 altitudinis
423 2199 447 2249 ὲ
466 2207 496 2237 Ε
513 2207 543 2238 L
559 2206 598 2237 ad
613 2205 812 2237 altitudinem
829 2206 860 2236 A
879 2206 914 2241 C,
937 2211 971 2237 et

130 2248 251 2279 ratione
264 2249 356 2288 spatii
377 2253 399 2280 4
417 2252 446 2281 A
468 2250 495 2281 C
516 2249 556 2280 ad
577 2249 710 2288 spatium
735 2253 755 2279 2
771 2249 801 2279 Ε
818 2248 847 2279 L
864 2248 968 2289 (280),

131 2289 166 2321 id
179 2296 235 2328 est,
258 2291 293 2321 in
306 2291 425 2324 ratione
439 2291 609 2331 composita
624 2301 662 2322 ex
677 2292 797 2322 ratione
811 2290 970 2321 densitatis

131 2343 222 2374 aquae
244 2333 284 2364 ad
308 2334 492 2367 densitatem
515 2333 649 2375 cylindri
680 2335 709 2364 A
730 2335 758 2365 B
777 2334 810 2365 D
828 2334 855 2364 C
875 2340 907 2364 et
919 2343 970 2363 ra-

130 2375 215 2406 tione
230 2380 250 2407 2
263 2376 305 2407 ad
319 2381 350 2408 3.
399 2379 432 2409 Si
456 2379 561 2418 itaque
580 2377 627 2407 vis
647 2376 711 2417 qua
730 2383 815 2407 totus
839 2375 971 2416 cylindri

134 2419 166 2456 A
192 2419 222 2450 B
248 2419 282 2450 D
308 2420 334 2451 C
363 2427 479 2458 motus,
513 2419 707 2451 intereadum
739 2418 969 2460 longitudinem

131 2464 153 2492 4
169 2460 201 2491 A
219 2461 256 2498 C,
280 2462 480 2495 uniformiter
500 2462 654 2498 describit,
680 2463 819 2503 generari
833 2461 882 2492 vel
901 2461 969 2491 tolli

203 2503 236 2541 t,
263 2505 303 2536 sit
316 2505 357 2536 ad
371 2507 436 2537 vim
451 2506 512 2547 aliq
513 2515 586 2536 uam
603 2505 642 2543 P,
664 2510 702 2536 ut
716 2505 848 2536 densitas
869 2504 968 2546 cylin-

157 2546 183 2576 ri
211 2547 243 2577 A
267 2548 297 2578 B
322 2549 354 2579 D
380 2549 406 2580 C
435 2550 476 2581 ad
498 2548 681 2579 densitatem
706 2558 804 2588 aquae,
829 2548 887 2578 erit
913 2549 968 2589 (ex

137 2588 243 2629 equo)
263 2591 387 2630 pondus
403 2591 542 2632 praedicti
557 2590 688 2631 cylindri
701 2601 789 2631 aquae
803 2590 844 2621 ad
858 2590 921 2620 vim
937 2589 968 2621 P

133 2637 170 2661 ut
185 2635 204 2661 2
218 2631 258 2662 ad
273 2637 302 2669 8,
318 2634 411 2684 atque
425 2634 497 2666 ideo
510 2633 633 2674 pondus
643 2633 774 2674 cylindri
788 2643 887 2674 aquae,
902 2642 966 2674 quo

130 2673 308 2750 ἱωεὲεὲιῖἓ
320 2677 423 2751 isninor
436 2688 502 2710 esse
516 2687 581 2709 non
601 2682 721 2717 potest3
746 2685 842 2717 quam
861 2675 897 2707 in
915 2684 965 2707 12-

157 2726 198 2748 ou
