2066 3548
163 233 312 276 LIBER
334 232 553 283 Semina]
598 229 919 273 PRINCIPIA
950 228 1445 274 MATHEMATICA.
1794 241 1877 277 133

156 349 334 406 gulareS‚
357 347 513 402 amplas
540 346 602 388 vel
633 345 952 402 angustissimas·
1017 344 1148 386 Hisce
1174 345 1492 386 circumstantiis
1526 332 1783 400 pressionem
1811 350 1872 391 nil

154 415 306 463 mutari
326 419 544 475 colligitur,
562 416 808 473 applicando
829 415 1223 458 demonstrationem
1239 416 1530 459 Theorematis
1545 417 1668 474 hujus
1683 419 1736 460 ad
1752 435 1868 463 casus

870 494 886 507 b

155 493 340 551 singulos
358 492 595 534 fluidorum.

211 567 343 608 Corol.
367 572 406 607 3.
467 563 628 606 Eadem
655 561 1004 604 demonstratione
1033 561 1250 618 colligetur
1279 562 1403 604 etiam
1434 565 1527 618 (per
1559 564 1688 620 Prop.
1713 564 1866 618 XIX.)

150 638 264 695 quod
297 637 414 679 fluidi
447 636 584 693 gravis
623 642 761 690 partos
795 633 970 684 nullum,
1012 648 1068 676 ex
1097 635 1310 689 pressione
1343 635 1539 690 ponderis
1574 637 1864 688 incumbentis,

116 708 118 711 ”
149 712 368 769 acquirunt
386 719 546 753 motum
559 711 670 752 inter
688 724 732 751 se
742 724 755 759 ;
776 708 811 750 si
831 708 958 751 modo
977 708 1223 750 excludatur
1235 715 1372 749 motus
1388 708 1460 764 qui
1471 722 1527 750 ex
1541 709 1865 751 condensatione

150 785 317 826 oriatur.

207 857 338 898 Corol.
359 861 399 897 4.
461 854 518 895 Et
546 860 768 908 propterea
797 852 832 893 si
861 851 975 894 aliud
1006 851 1192 907 ejusdem
1224 852 1435 909 gravitatis
1459 853 1664 907 specificae
1699 868 1863 910 corpus,

146 928 259 984 quod
279 927 331 968 sit
346 925 678 968 condensationis
694 937 858 979 expers,
881 923 1172 980 submergatur
1190 923 1235 964 in
1254 922 1335 964 hoc
1353 923 1497 975 fluido,
1514 924 1560 965 id
1580 939 1634 966 ex
1651 925 1865 980 pressione

143 997 339 1054 ponderis
358 996 632 1039 incumbentis
653 995 813 1036 nullum
832 994 1018 1050 acquiret
1030 1002 1215 1036 motum:
1247 1009 1333 1035 non
1353 994 1590 1047 descendet,
1612 1010 1700 1037 non
1719 1011 1864 1039 ascen-

144 1070 227 1121 det,
263 1083 350 1110 non
383 1076 555 1125 cogetur
587 1067 766 1123 figuram
800 1082 918 1109 suam
953 1076 1124 1109 mutare.
1190 1068 1235 1110 Si
1274 1067 1526 1123 sphaericum
1565 1077 1638 1120 est,
1679 1070 1865 1112 manebit

143 1140 405 1196 sphaericum,
427 1154 513 1180 non
531 1139 723 1180 obstante
736 1139 948 1205 pressione
958 1154 970 1188 3
993 1139 1028 1180 si
1039 1138 1288 1195 quadratum
1301 1147 1374 1190 est,
1396 1140 1582 1182 manebit
1593 1141 1862 1197 quadratum:

142 1212 270 1268 idque
289 1212 375 1253 sive
389 1210 515 1252 molle
535 1210 600 1260 sit,
623 1210 708 1251 sive
726 1209 1042 1260 fluidissimum
1073 1210 1158 1251 sive
1175 1210 1307 1251 fluido
1326 1210 1458 1253 libere
1477 1211 1649 1262 innatet,
1672 1213 1756 1254 sive
1768 1213 1864 1254 fun-

143 1284 199 1326 do
218 1283 442 1324 incumbat.
504 1281 651 1323 Habet
670 1281 782 1322 enim
800 1280 919 1322 fluidi
937 1295 1034 1335 pars
1055 1281 1251 1338 quaelibet
1269 1281 1433 1323 interna
1452 1282 1656 1323 rationem
1675 1258 1864 1339 corporis

143 1357 360 1408 submersi,
383 1365 424 1398 et
442 1371 520 1412 par
539 1363 602 1398 est
621 1355 727 1396 ratio
747 1354 935 1395 omnium
954 1354 1141 1410 ejusdem
1160 1353 1472 1411 magnitudiniS,
1495 1354 1643 1410 figurae
1666 1363 1707 1397 et
1725 1357 1863 1412 gravi-

142 1430 236 1472 tatis
269 1429 471 1485 specificae
510 1428 822 1490 submersorum
861 1441 1096 1481 corporum.
1159 1428 1205 1469 Si
1225 1441 1375 1481 corpus
1407 1426 1670 1469 submersum
1702 1437 1864 1470 servato

139 1501 327 1557 pondere
355 1501 601 1556 liquesceret
619 1506 662 1540 et
680 1497 873 1539 indueret
900 1497 1078 1538 formam
1107 1484 1249 1548 fluidi}
1279 1497 1373 1548 hoc,
1406 1498 1441 1539 si
1458 1498 1575 1553 prius
1606 1500 1860 1552 ascenderet,

139 1575 206 1616 vel
234 1573 515 1623 descenderet,
552 1571 618 1613 vel
636 1585 691 1613 ex
710 1570 924 1626 pressione
957 1570 1138 1627 figuram
1171 1585 1324 1611 novam
1352 1569 1558 1622 indueret,
1596 1570 1720 1612 etiam
1749 1586 1863 1614 nunc

139 1647 392 1698 ascenderet,
423 1645 490 1687 vel
506 1643 807 1693 descenderet,
843 1642 909 1684 vel
938 1643 1118 1700 figuram
1147 1658 1299 1685 novam
1330 1643 1503 1684 induere
1538 1653 1780 1701 cogeretur:
1818 1646 1862 1687 id

138 1717 244 1762 adeo
275 1718 373 1775 quia
400 1716 580 1775 gravitas
610 1716 698 1772 ejus
728 1721 975 1770 caeteraeque
1006 1723 1198 1756 motuum
1233 1729 1368 1756 causae
1406 1724 1666 1770 permanent.
1729 1718 1861 1775 Atqui

140 1796 232 1849 (per
257 1792 352 1834 Cas.
375 1796 414 1833 5.
437 1791 566 1845 Prop.
589 1787 741 1840 XIX.)
767 1788 856 1843 jam
877 1787 1110 1844 quiesceret
1129 1795 1172 1830 et
1190 1787 1370 1845 figuram
1398 1789 1608 1831 retineret.
1671 1791 1788 1849 Ergo
1813 1802 1860 1837 ut

137 1865 265 1920 prius.

138 1993 358 2025 monstratione
376 1990 598 2032 Propositionis
619 1990 723 2030 hujus,
746 1989 901 2029 premitur
922 1999 976 2019 su-

138 2036 277 2077 perficies
292 2045 435 2074 suprema
451 2034 481 2064 E
496 2044 514 2063 e
528 2033 558 2063 vi
573 2032 704 2071 simplici
726 2031 882 2072 gravitatis
902 2041 974 2070 pro-

138 2079 223 2119 priae,
240 2078 303 2120 quii
317 2084 348 2108 et
362 2076 538 2116 superficies
552 2074 686 2108 secunda
703 2074 729 2105 F
743 2074 762 2103 f
778 2084 834 2113 pro
847 2084 973 2104 mensu-

136 2132 171 2152 ra
186 2132 242 2152 sua
265 2119 422 2161 aequaliter
445 2118 604 2157 premitur.
652 2116 808 2147 Premitur
829 2121 975 2154 praeterea

137 2163 314 2203 superficies
323 2161 459 2193 secunda
476 2161 502 2191 F
517 2160 535 2190 f
545 2159 575 2189 vi
588 2158 711 2199 propria
725 2158 891 2199 gravitatis,
902 2168 974 2198 quae

137 2206 280 2238 addenda
293 2211 340 2236 est
354 2205 382 2234 vi
398 2203 503 2243 priori.
551 2202 626 2233 Hinc
639 2201 803 2240 pressione,
820 2210 875 2239 pro
885 2210 973 2230 men-

136 2249 207 2279 sura
221 2248 288 2283 sua,
305 2253 336 2279 et
348 2247 475 2286 insuper
484 2245 514 2276 vi
524 2243 654 2284 propriae
663 2243 828 2284 gravitatis,
844 2249 974 2282 urgetur

136 2291 312 2332 superficies
334 2289 476 2327 tertiarG
490 2298 532 2329 g3
556 2293 587 2317 et
600 2287 644 2317 sic
665 2286 817 2325 deinceps.
868 2286 974 2321 Quare

136 2340 230 2374 patet,
246 2340 282 2364 ut
296 2343 399 2372 supra,
416 2330 604 2371 pressionem
619 2339 713 2370 quam
727 2328 903 2367 superficies
924 2328 973 2357 in-

138 2377 213 2408 fima
231 2377 264 2407 H
281 2375 303 2406 d
317 2375 408 2411 subit,
434 2373 585 2414 aequalem
607 2382 672 2403 esse
694 2371 820 2410 ponderi
843 2370 972 2410 cylindri

136 2420 225 2461 eujus
239 2425 285 2450 est
298 2417 430 2450 altitudo
448 2417 480 2447 D
496 2417 525 2446 A
541 2421 573 2446 et
586 2414 665 2446 basis
678 2414 779 2444 fundo
794 2414 829 2444 H
841 2414 860 2444 d
871 2423 972 2454 aequa-

137 2461 186 2493 lis.

179 2505 331 2536 Manente
345 2502 440 2544 igitur
455 2508 523 2532 tum
544 2499 612 2531 basi
628 2500 663 2531 H
679 2498 710 2536 d,
732 2506 802 2530 tum
818 2498 904 2529 fluidi
927 2498 971 2529 al-

136 2547 270 2577 titudine
292 2542 538 2586 perpendiculari
569 2543 602 2573 D
629 2544 670 2580 A,
699 2547 805 2572 manet
828 2540 916 2571 fluidi
937 2541 972 2571 in

135 2589 234 2619 basim
258 2589 383 2628 pressio,
410 2594 581 2626 utcumque
595 2591 732 2616 mutetur
746 2585 824 2614 vasis
838 2583 970 2613 fluidum

137 2632 322 2662 continentis
335 2630 446 2671 figura.
486 2630 592 2669 Atque
605 2628 678 2658 hinc
693 2628 726 2658 in
741 2627 821 2657 vasis
831 2636 972 2656 commu-

135 2674 311 2704 nicantibus
326 2671 532 2712 aequilibrium
547 2677 604 2707 est,
630 2670 685 2701 ubi
706 2668 972 2710 perpendiculares

136 2716 225 2747 fluidi
253 2716 434 2746 altitudines
459 2723 554 2753 supra
581 2713 718 2743 fundum
748 2721 913 2742 commune
937 2712 971 2742 in

134 2765 269 2799 utroque
284 2768 354 2788 vase
375 2762 546 2798 aequantur,
569 2755 740 2786 dummodo
755 2755 787 2784 in
808 2754 932 2793 paribus
953 2765 972 2784 a

135 2807 242 2834 centro
266 2800 379 2831 virium
401 2799 556 2840 gravitatis
582 2799 604 2829 S
625 2797 776 2828 distantiis
796 2803 859 2827 tam
882 2796 969 2827 fluidi

135 2844 270 2876 densitas
278 2842 372 2884 quaim
380 2843 425 2871 vis
433 2841 588 2882 gravitatis
596 2848 732 2871 servetur
740 2839 857 2870 eadem.
885 2841 969 2870 Nam

134 2889 170 2923 si,
187 2891 333 2917 manente
345 2885 376 2915 vi
390 2884 546 2926 gravitatis
566 2883 787 2919 accelerafflce,
811 2882 971 2914 conferan-

135 2936 189 2961 tur
203 2929 300 2960 fluida
314 2928 347 2958 in
362 2937 394 2958 se
407 2927 609 2968 homogeuea,
636 2926 689 2956 sed
705 2925 831 2956 diversae
846 2925 926 2957 inter
939 2936 971 2956 se
1015 2926 1284 2967 perpendiculares
1298 2931 1389 2956 erunt
1403 2925 1435 2955 in
1446 2925 1564 2956 ratione
1572 2925 1760 2956 densitatum
1774 2929 1851 2958 reci-

133 2972 303 3008 densitatis,
327 2970 386 3000 erit
399 2969 434 3000 'm
446 2970 525 3000 vasis
539 2968 842 3000 communicantibus
903 2969 975 2999 uili·
1016 2970 1118 3009 proci,
1145 2970 1216 3010 quia
1232 2969 1265 2999 in
1280 2979 1318 2999 eo
1331 2979 1404 2998 casu
1425 2968 1592 2999 fluidorum
1607 2969 1640 2999 in
1654 2968 1752 3000 basim
1765 2979 1851 3001 oom-

137 3015 252 3054 brium,
265 3013 320 3047 ubi
338 3011 508 3044 fluidorum
521 3011 556 3042 in
568 3017 701 3052 utroque
715 3020 785 3041 vase
799 3010 888 3041 altitu
912 3012 978 3042 ‘nes
1017 3022 1147 3043 munem
1161 3011 1331 3052 pressiones
1346 3011 1478 3053 aequales
1492 3018 1565 3042 sunt
1580 3012 1686 3053 (173).

973 3068 1023 3100 18
