2066 3548
116 276 266 320 Luam
287 277 502 327 Saeuum]
562 268 880 315 PRINCIPIA
921 259 1412 309 MATHEMATICA.
1731 264 1813 305 815

116 390 294 434 rediens.
354 389 412 431 Et
431 387 578 430 eodem
598 390 841 443 argumento
856 380 891 424 si
910 381 1043 424 rarius
1063 380 1131 431 sit,
1158 378 1326 426 accedet
1345 373 1619 419 ad'centrum.
1679 375 1814 433 Igitur

116 477 202 505 non
221 461 373 504 redibit
391 461 436 502 in
456 458 635 502 eundem
653 457 798 499 orbem
816 455 895 496 nisi
915 454 968 495 sit
995 452 1177 509 ejusdem
1206 450 1416 492 densitatis
1437 463 1531 490 cum
1549 447 1691 488 fluido.
1753 446 1818 489 Eo

117 542 255 577 autem
274 534 318 574 in
334 547 432 574 casu
451 521 662 573 ostensum
690 536 764 579 est,
799 526 911 583 quod
939 524 1215 567 revolveretur
1247 521 1392 565 eadem
1410 521 1502 578 lege
1521 534 1615 562 cum
1633 519 1818 574 partibus

115 607 232 649 fluidi
251 622 277 648 a
295 613 437 671 centro
456 603 620 646 vorticis
641 601 853 658 aequaliter
872 597 1132 640 distantibus.
1193 595 1248 644 Q.
1264 610 1300 636 e.
1321 594 1363 636 d.

177 678 306 720 Corol.
330 682 368 718 1.
400 675 516 731 Ergo
536 673 713 714 solidum
733 671 846 728 quod
866 671 909 711 in
924 668 1079 710 vortice
1097 665 1321 709 revolvitur
1339 671 1382 706 et
1399 663 1445 704 in
1464 662 1644 704 eundem
1671 660 1816 702 orbem

117 762 281 803 semper
300 746 420 796 redit,
442 743 610 787 relative
630 743 803 800 quiescit
822 743 865 783 in
884 741 1014 783 fluido
1033 739 1100 781 cui
1119 739 1288 782 innatat.

178 819 310 861 Corol.
330 823 371 860 2.
402 818 459 859 Et
479 817 514 858 si
533 824 680 857 vortex
699 815 749 856 sit
768 813 906 870 quoad
925 812 1170 854 densitatem
1189 807 1416 857 uniformis,
1446 819 1597 861 corpus
1626 804 1737 845 idem
1765 801 1820 844 ad

118 889 342 947 quamlibet
360 903 386 930 a
399 895 542 930 centro
561 886 728 929 vorticis
747 883 982 927 distantiam
1001 880 1156 924 revolvi
1173 886 1324 936 potest.

869 1038 1076 1081 Scholium.

179 1143 296 1186 Hinc
314 1143 443 1199 liquet
461 1141 646 1197 planetas
666 1155 691 1181 a
709 1117 931 1180 vorticibus
952 1132 1160 1190 corporeis
1179 1145 1266 1172 non
1285 1128 1450 1171 deferri.
1510 1127 1621 1169 Nam
1647 1126 1826 1182 planetae

121 1213 349 1256 secundum
386 1211 634 1269 hypothesin
668 1209 981 1265 Copernicaeam
1014 1206 1125 1248 cirea
1165 1202 1304 1245 Solem
1336 1199 1462 1242 delati
1489 1197 1757 1240 revolvuntur
1782 1196 1828 1237 in

121 1285 332 1341 ellipsibus
345 1283 586 1325 umbilicum
598 1281 846 1323 habentibus
861 1280 906 1320 in
920 1278 1030 1328 Sole,

122 1366 165 1400 et
193 1357 318 1399 radiis
339 1356 394 1398 ad
415 1355 554 1398 Solem
581 1353 715 1395 ductis
745 1367 859 1394 areas
880 1351 1035 1392 descri-

121 1429 230 1471 bunt
266 1426 522 1483 temporibus
560 1422 902 1480 proportionales,
974 1421 1036 1464 At

121 1508 261 1557 partes
301 1499 467 1541 vorticis
505 1497 578 1539 tali
617 1505 735 1538 motu
773 1494 929 1537 revolvi
962 1509 1062 1536 ner

125 1577 294 1627 queunt.
355 1569 590 1626 Designent
617 1566 658 1608 A
678 1567 737 1617 D,
773 1566 811 1608 B
833 1566 884 1616 E,
917 1565 954 1607 C
985 1566 1033 1616 F,

123 1641 246 1683 orbes
285 1648 368 1682 tres
402 1640 511 1681 circa
544 1639 685 1682 Solem
721 1639 752 1681 S
791 1637 1033 1693 descriptos,

125 1700 302 1771 quorum
322 1713 500 1755 extimus
531 1712 568 1754 C
590 1711 625 1753 F
660 1711 836 1766 circulus
866 1710 918 1752 sit
949 1710 1037 1753 Soli

125 1786 419 1835 concentricus,
480 1792 522 1826 et
568 1783 811 1825 interiorum
859 1782 1035 1824 duorum

127 1858 291 1914 aphelia
324 1857 406 1898 sint
435 1856 489 1906 A,
524 1855 561 1897 B
597 1862 639 1896 et
665 1854 865 1909 perihelia
892 1855 950 1905 D,
984 1855 1035 1898 E.

127 1931 244 1988 Ergo
277 1944 427 1984 corpus
458 1927 571 1984 quod
601 1926 826 1969 revolvitur
858 1927 902 1969 in
936 1928 1038 1970 orbe

130 2002 167 2044 C
189 2002 237 2052 F,
268 2000 386 2041 radio
415 1999 468 2040 ad
498 1998 638 2040 Solem
653 1998 778 2039 ducto
798 2012 914 2040 areas
933 2006 1037 2041 tem·
1594 2038 1597 2040 μ

127 2072 298 2128 poribus
326 2068 656 2126 proportionales
690 2068 976 2121 describendo,
1015 2071 1064 2126 (⁰)
1093 2073 1326 2114 movebitur
1353 2072 1549 2115 uniformi
1583 2087 1678 2114 cum
1705 2079 1834 2114 motu,

132 2143 296 2197 Corpus
317 2148 454 2181 autem
475 2138 587 2195 quod
606 2138 831 2180 revolvitur
849 2139 893 2180 in
912 2141 1014 2182 orbe
1035 2141 1072 2182 B
1094 2141 1146 2192 E,
1177 2142 1334 2184 tardius
1353 2143 1588 2184 movebitur
1605 2142 1650 2183 in
1668 2141 1835 2197 aphelio

132 2213 170 2254 B
204 2219 247 2253 et
280 2204 460 2251 vel'ocius
493 2209 538 2249 in
566 2208 768 2263 perihelio
800 2208 852 2259 E,
890 2210 942 2266 (Ρ)
974 2210 1201 2252 secundum
1232 2211 1345 2269 leges
1379 2211 1700 2261 astronomicas3
1739 2210 1836 2253 cum

130 2292 269 2326 tamen
291 2281 590 2338 (¹1)secundum
623 2280 736 2338 leges
767 2282 1025 2325 mechanicas
1059 2284 1230 2326 materia
1262 2285 1427 2327 vorticis
1457 2286 1502 2327 in
1529 2285 1662 2341 spatio
1682 2298 1834 2342 angus-

131 2357 236 2398 tiore
255 2356 362 2397 inter
382 2355 424 2396 A
443 2361 485 2396 et
507 2353 544 2396 C
565 2353 745 2395 velocius
764 2354 921 2396 moveri
947 2355 1095 2397 debeat
1115 2355 1239 2412 quam
1258 2357 1302 2397 in
1321 2357 1453 2412 spatio
1480 2357 1626 2399 latiore
1653 2357 1761 2398 inter
1788 2355 1833 2397 D

132 2437 174 2471 et
204 2429 262 2479 F;
296 2428 341 2469 id
370 2435 443 2479 est,
478 2427 523 2468 in
552 2426 718 2483 aphelio
745 2426 925 2469 velocius
957 2426 1080 2484 quam
1099 2429 1143 2470 in
1162 2429 1376 2484 perihelio.
1437 2428 1547 2479 Quae
1576 2428 1662 2471 duo
1681 2443 1833 2486 repug-

148 2583 156 2590 .
177 2540 223 2583 (⁹)
239 2542 257 2561 ὓ
271 2541 436 2590 Μουὶὁὶιιιν
448 2540 599 2582 αηῇἶη-ηιί
613 2550 685 2571 cum
698 2545 794 2570 motu·
841 2539 961 2580 AEqua-
1003 2540 1111 2571 locitas
1123 2540 1156 2570 in
1174 2541 1214 2577 B,
1229 2546 1276 2571 est
1289 2540 1329 2571 ad
1343 2541 1534 2572 velocitatem
1543 2540 1578 2571 in
1591 2541 1632 2579 E,
1645 2546 1683 2572 ut
1691 2539 1834 2573 distantia

133 2583 216 2614 libus
229 2593 315 2614 enim
328 2583 517 2622 temporibus
537 2581 670 2622 aequales
683 2591 761 2612 areae
782 2587 813 2612 et
834 2581 962 2621 proinde
1007 2583 1029 2614 S
1046 2583 1086 2618 E,
1102 2583 1142 2613 ad
1156 2582 1330 2614 distantiam
1344 2584 1492 2624 majorem
1510 2584 1532 2614 S
1548 2584 1588 2614 B.

135 2625 268 2666 aequales
291 2635 388 2662 arem,
414 2625 474 2655 hoc
495 2629 550 2662 est,
574 2623 705 2664 aequalia
727 2623 826 2663 spatia
846 2624 959 2655 descri-
1045 2625 1092 2667 (q)
1111 2628 1128 2646 ⁶
1145 2626 1321 2657 Secundum
1335 2627 1414 2666 leges
1427 2627 1627 2657 mechanicas.
1664 2625 1834 2657 Namcum

135 2669 262 2700 buntur.
1002 2675 1107 2698 vortex
1144 2675 1335 2707 supponatur
1365 2678 1431 2698 esse
1459 2668 1492 2698 in
1521 2674 1602 2698 statu
1628 2668 1831 2708 permanenti,

161 2751 169 2759 ·
180 2709 226 2751 (Ρ)
254 2712 271 2730 ’
287 2709 471 2759 ‚Secundum
498 2711 575 2750 leges
599 2710 826 2741 astronomicas.
873 2709 961 2745 Quo-
1004 2711 1136 2751 {equales
1149 2711 1285 2741 materiae
1302 2711 1487 2751 quantitates
1501 2720 1557 2750 per
1570 2712 1704 2750 spatium
1717 2720 1833 2752 angus-

137 2762 223 2801 tiiam
247 2762 312 2782 axis
334 2752 474 2801 ellipseos
495 2762 550 2791 per
561 2751 722 2801 aphelitim
746 2752 774 2782 B
789 2757 820 2781 et
834 2753 962 2800 'perihe-
1006 2754 1069 2784 tius
1087 2754 1115 2783 A
1135 2753 1170 2789 C,
1193 2758 1226 2784 et
1245 2763 1300 2793 per
1320 2753 1454 2792 spatium
1467 2753 1559 2783 latius
1575 2752 1608 2784 D
1625 2753 1662 2791 F,
1684 2759 1721 2784 ut
1740 2754 1780 2784 sit
1799 2753 1834 2783 in

139 2794 219 2825 lium
249 2794 280 2825 E
304 2799 426 2843 transit,
460 2801 567 2834 estque
588 2794 689 2833 ellipsi
712 2793 866 2831 normalis,
895 2804 966 2825 area
1007 2795 1118 2832 fluviis,
1144 2796 1252 2826 eodem
1279 2801 1415 2835 tempore
1435 2801 1604 2832 transeunt,
1630 2801 1662 2826 et
1674 2795 1834 2836 propterea

139 2836 352 2885 quam-radius
362 2843 466 2885 vector
482 2838 550 2886 s·B
572 2843 709 2875 tempore
729 2846 822 2876 quam
837 2837 967 2867 minimo
1008 2838 1136 2869 materia
1158 2838 1279 2868 vorticis
1292 2839 1326 2868 in
1346 2838 1444 2877 spatio
1465 2838 1642 2878 angustiore
1660 2838 1740 2869 inter
1757 2839 1787 2869 A
1802 2845 1834 2870 et

143 2878 297 2927 describit,
327 2885 385 2909 erit
405 2879 530 2919 aequalis
549 2878 730 2928 rectiangulo
757 2888 797 2908 ex
824 2878 968 2910 distantia
1012 2881 1049 2916 C,
1065 2880 1200 2911 velocius
1214 2887 1354 2911 movetur
1368 2879 1430 2921 qua
1476 2880 1510 2910 in
1524 2881 1620 2919 spatio
1634 2880 1740 2912 latiore
1753 2880 1834 2911 inter

145 2922 167 2951 S
185 2922 214 2951 B
229 2931 269 2970 ’in
283 2931 389 2952 arcum
409 2931 688 2970 quam-minimum
703 2932 722 2951 a
735 2931 860 2969 coi-pore
881 2922 915 2951 in
938 2923 967 2953 B
1014 2924 1047 2953 D
1062 2930 1094 2954 et
1111 2923 1146 2952 F.
1196 2923 1361 2958 Quantitas
1375 2930 1428 2953 aut
1499 2923 1645 2960 materiae,
1670 2933 1741 2964 quae
1761 2923 1834 2954 dato

142 2963 351 3012 descriptum5
374 2970 405 2993 et
425 2964 562 2996 Similiter
575 2974 644 2994 area
659 2963 784 3003 aequahs
804 2974 898 3004 quam
919 2975 966 2995 ra-
1009 2972 1146 3005 tempore
1160 2966 1268 2996 transit
1286 2976 1340 3004 per
1361 2965 1494 3004 spatium
1510 2965 1542 2995 A
1560 2967 1598 3003 C,
1614 2965 1662 2996 vel
1679 2966 1712 2996 D
1730 2965 1766 3004 F,
1789 2972 1836 2996 est

143 3006 214 3036 dius
227 3012 329 3054 vector
345 3005 367 3036 S
383 3005 414 3036 E
435 3005 543 3036 eodem
563 3013 700 3045 tempore
720 3015 814 3053 quum
839 3007 969 3038 minimo
1010 3014 1047 3038 ut
1057 3008 1191 3047 spatium
1205 3009 1263 3038 hoc
1277 3007 1390 3039 directe
1405 3013 1436 3038 et
1449 3008 1587 3039 matexiae
1607 3008 1749 3039 velocitas
1769 3018 1836 3039 me-

143 3047 295 3098 describit,
321 3053 459 3087 aequatui·
479 3050 657 3096 rectiangulo
679 3058 716 3078 ex
738 3047 880 3079 distantia
898 3051 920 3081 S
936 3050 967 3080 E
1012 3051 1122 3080 dicei-is
1136 3050 1266 3087 inverse,
1290 3056 1322 3081 et
1345 3049 1416 3081 ide&
1437 3049 1600 3081 mediocris
1613 3050 1756 3081 velocitas
1769 3060 1836 3080 ma-

144 3089 237 3140 ducta
260 3099 294 3138 ¹.¹¹
319 3099 423 3120 arcum
438 3099 457 3119 a
470 3099 595 3128 corpore
614 3100 649 3139 ¹¹¹.
670 3091 699 3120 E
721 3089 915 3129 descriptum,
938 3101 970 3123 et
1011 3094 1096 3123 teriae
1110 3092 1190 3123 intei-
1201 3094 1231 3122 A
1240 3099 1271 3123 et
1285 3094 1321 3130 C,
1337 3099 1383 3123 est
1396 3093 1436 3124 ad
1449 3092 1635 3124 mediocrem
1646 3093 1837 3124 velocitatem

144 3132 216 3163 ideo
230 3141 311 3172 prior
325 3141 414 3163 arcus
428 3137 473 3163 est
486 3131 526 3163 ad
539 3138 745 3172 posteriorem,
768 3133 827 3163 hoc
841 3139 895 3172 est,
918 3144 970 3166 ve-
1012 3134 1150 3166 materia
1163 3135 1244 3166 inter
1261 3136 1293 3167 D
1309 3141 1343 3166 etz
1358 3136 1395 3174 F,
1411 3141 1448 3166 ut
1463 3135 1493 3167 1²·
1510 3136 1542 3166 D
1557 3136 1597 3168 ad
1614 3137 1646 3167 A
1663 3136 1700 3167 C.
