2066 3548
145 273 294 315 Lan-:n
315 272 537 322 Sisenna]
603 269 925 314 PRINCIPIA
964 269 1461 311 MATHEMATICA.
1784 275 1857 312 151

141 387 188 429 D
208 387 273 429 vel
291 387 327 428 d.
341 386 406 428 vel
428 387 471 428 E
498 387 550 442 (q)
572 394 619 428 ut
647 385 865 442 longitudo
884 399 1005 426 arcus
1027 385 1065 427 C
1085 385 1130 426 D
1160 384 1225 426 vel
1248 385 1284 426 C
1305 384 1334 425 d
1354 384 1419 425 vel
1443 384 1480 425 C
1502 384 1553 425 E.
1617 384 1863 438 Exponatur

141 458 202 498 vis
222 457 292 498 illa
310 472 387 511 per
407 457 587 499 eundem
607 470 747 498 arcum
758 472 770 506 3
792 464 834 497 et
854 470 948 496 cum
969 455 1202 497 resistentia
1222 455 1275 496 sit
1294 463 1341 496 ut
1371 462 1630 496 momentum
1650 455 1860 509 temporis,

140 529 317 584 ideoque
337 528 471 579 detur,
504 536 736 584 exponatur
755 528 901 569 eadem
920 543 996 583 per
1015 528 1156 569 datam
1176 542 1299 568 arcus
1325 527 1522 583 cycloidis
1552 535 1713 582 partem
1746 527 1783 567 C
1806 525 1860 577 O,

140 607 183 641 et
201 606 388 640 sumatur
407 614 527 640 arcus
549 599 590 641 O
609 598 639 640 d
657 598 701 638 in
716 599 876 640 ratione
896 599 950 640 ad
971 613 1114 640 arcum
1137 598 1172 640 C
1194 598 1239 640 D
1260 613 1385 654 quam
1400 598 1526 639 habet
1545 612 1664 638 arcus
1687 597 1728 638 O
1751 597 1788 638 B
1809 597 1862 638 ad

139 685 283 713 arcum
307 671 342 712 C
366 670 426 712 B:
459 677 501 711 et
515 670 575 711 vis
596 669 677 726 qua
695 684 850 725 *corpus
870 670 914 710 in
934 670 963 711 d
983 678 1155 726 urgetur
1184 671 1228 711 in
1257 670 1396 711 medio
1417 671 1648 720 resistente,
1685 684 1780 710 cum
1811 669 1862 710 sit

140 758 333 786 excessus
364 744 426 785 vis
463 743 500 785 C
526 743 555 784 d
587 758 713 799 supra
744 743 1022 785 resistentiam
1058 744 1095 785 C
1117 743 1172 794 O,
1208 751 1442 799 exponetur
1470 758 1547 798 per
1579 758 1723 784 arcum
1756 742 1798 784 O
1818 743 1859 793 d,

139 816 318 871 ideoque
337 814 416 856 erit
436 814 490 855 ad
509 815 605 865 vim,
628 814 709 871 qua
731 830 883 871 corpus
905 816 949 857 D
969 825 1142 872 urgetur
1161 816 1206 856 in
1226 816 1364 857 medio
1384 830 1470 857 non
1487 816 1702 857 resistente
1715 816 1757 856 in
1770 815 1863 856 loco

141 887 199 938 D,
225 893 272 928 ut
292 899 412 928 arcus
434 885 476 927 O
495 886 525 928 d
544 886 599 928 ad
618 901 761 928 arcum
784 887 820 928 C
842 887 914 937 D;
944 894 986 929 et
1005 895 1228 945 propterea
1247 886 1371 928 etiam
1401 887 1444 928 in
1474 886 1567 927 loco
1599 886 1636 928 B
1669 896 1715 928 ut
1743 901 1862 928 arcus

143 1895 184 1937 O
207 1895 245 1936 B
266 1895 319 1937 ad
340 1909 483 1937 arcum
507 1895 543 1936 C
566 1894 616 1936 Β.
681 1893 865 1936 Proinde
885 1893 921 1934 si
941 1906 1119 1948 corpora
1138 1893 1236 1943 du0,
1260 1892 1318 1943 D,
1342 1892 1371 1934 d
1393 1903 1545 1936 exeant
1565 1895 1618 1937 de
1638 1895 1732 1937 loco
1755 1882 1805 1945 B,
1828 1902 1870 1937 et

139 1965 204 2007 his
237 1965 393 2008 viribus
422 1974 671 2023 urgeantur:
708 1980 804 2006 cum
834 1965 942 2006 vires
973 1965 1051 2006 sub
1080 1964 1199 2006 initio
1230 1965 1313 2006 sint
1332 1973 1379 2007 ut
1399 1980 1519 2007 arcus
1543 1967 1580 2008 C
1603 1967 1640 2009 B
1670 1975 1712 2009 et
1743 1967 1784 2010 O
1808 1967 1868 2016 B;

142 2037 190 2091 (¹)
212 2045 334 2078 erunt
366 2037 602 2078 velocitates
634 2036 782 2091 primae
814 2043 855 2077 et
889 2050 1009 2076 arcus
1044 2035 1181 2089 primo
1214 2034 1411 2090 descripti
1442 2037 1485 2077 in
1516 2036 1659 2078 eadem
1691 2037 1865 2080 ratione.

143 2107 280 2148 Sunto
302 2121 421 2148 arcus
441 2106 502 2147 illi
524 2107 562 2148 B
582 2107 642 2156 D,
664 2113 706 2147 et
727 2106 766 2147 B
787 2105 830 2155 d,
853 2120 974 2146 arcus
995 2105 1144 2161 reliqui
1167 2105 1204 2146 C
1225 2106 1283 2155 D,
1307 2105 1350 2147 O
1371 2105 1399 2146 d
1419 2116 1542 2147 erunt
1568 2107 1611 2147 in
1639 2107 1784 2148 eadem
1805 2122 1869 2148 ra-

141 2178 266 2220 tione.
329 2178 513 2220 Proinde
532 2179 654 2228 vires,
687 2178 786 2233 ipsis
809 2177 846 2219 C
866 2178 925 2228 D,
950 2177 992 2219 O
1013 2177 1042 2218 d
1061 2177 1393 2233 proportionales
1412 2179 1641 2220 manebunt
1659 2180 1703 2220 in
1723 2180 1868 2221 eadem

62 2274 77 2286 f
141 2249 303 2291 ratione
323 2264 372 2291 ac
393 2249 470 2290 sub
491 2249 622 2299 initio,
641 2256 683 2290 et
701 2255 924 2303 propterea
943 2262 1119 2302 corpora
1138 2255 1321 2305 pergent*
1335 2262 1455 2289 arcus
1476 2248 1519 2288 in
1550 2248 1694 2290 eadem
1711 2251 1870 2292 ratione

141 2321 265 2362 simul
302 2321 548 2362 describere.
612 2320 749 2377 Igitur
778 2319 886 2360 vires
916 2327 958 2361 et
987 2319 1224 2360 velocitates
1255 2327 1297 2360 et
1316 2334 1436 2360 arcus
1468 2320 1615 2376 reliqui
1638 2321 1675 2362 C
1696 2322 1754 2371 D,
1779 2322 1820 2364 O
1840 2323 1870 2364 d

144 2405 307 2446 semper
330 2399 464 2444 ‚erunt
497 2398 544 2433 ut
578 2405 698 2432 arcus
732 2390 809 2450 toti
844 2390 881 2431 C
904 2390 955 2440 B,
994 2389 1036 2431 Ο
1058 2389 1109 2440 Β,
1144 2396 1186 2431 et
1218 2398 1443 2445 propterea
1473 2405 1592 2432 arcus
1625 2391 1685 2432 illi
1709 2392 1868 2449 *reliqui

144 2462 192 2517 (¹)
215 2461 338 2503 simul
359 2461 659 2503 describentur.
722 2460 866 2510 Quare
887 2475 1064 2515 corpora
1083 2460 1168 2501 duo
1189 2460 1248 2511 D,
1266 2460 1294 2502 d
1310 2461 1431 2502 simul
1446 2462 1689 2516 pervenient
1709 2463 1762 2504 ad
1777 2463 1869 2505 loca

144 2531 181 2573 C
201 2539 242 2573 et
263 2531 318 2583 O,
339 2532 517 2574 alterum
537 2533 706 2589 quidem
726 2532 770 2574 in
789 2533 930 2575 medio
950 2548 1035 2574 non
1055 2533 1271 2575 resistente
1301 2534 1355 2575 ad
1383 2535 1523 2576 locum
1546 2535 1595 2586 C,
1631 2544 1672 2577 et
1692 2537 1868 2578 alterurn

142 2603 187 2644 in
205 2603 343 2645 medio
361 2605 577 2647 resistente
597 2604 652 2646 ad
670 2604 809 2646 locum
833 2604 888 2646 O.
951 2604 1061 2646 Cum
1092 2613 1232 2647 autem
1262 2605 1498 2648 velocitates
1529 2607 1573 2647 in
1605 2607 1641 2648 C
1663 2615 1704 2648 et
1725 2607 1766 2649 O
1787 2608 1870 2650 sint

143 2681 191 2715 ut
209 2688 329 2716 arcus
352 2675 389 2717 C
412 2675 463 2726 B,
488 2675 530 2717 O
552 2675 589 2717 Β
603 2691 616 2725 ;
647 2683 771 2717 erunt
800 2689 935 2725 arcus,
969 2690 1074 2731 quos
1104 2690 1280 2731 corpora
1310 2676 1482 2718 ulterius
1502 2677 1717 2735 pergendo
1746 2679 1870 2721 simul

144 2744 396 2796 describunt,
419 2746 465 2802 (²)
486 2747 530 2787 in
550 2746 697 2788 eadem
717 2746 891 2788 ratione.
953 2747 1087 2788 Sunto
1106 2747 1167 2788 illi
1190 2747 1227 2789 C
1249 2748 1288 2789 E
1308 2756 1350 2789 et
1371 2748 1412 2790 O
1433 2764 1468 2790 e.
1521 2748 1595 2789 Vis
1617 2749 1697 2806 quii
1719 2765 1870 2807 corpus

189 2859 237 2900 (¹¹)
260 2861 302 2891 Ut
313 2861 468 2900 longitudo
477 2873 580 2899 arcus,
592 2862 650 2892 ἃς.
678 2861 740 2891 Per
755 2860 990 2892 demonstratio-
1032 2871 1088 2901 per
1105 2862 1131 2893 C
1150 2863 1178 2893 B
1194 2861 1234 2893 ad
1252 2862 1282 2893 O
1301 2863 1341 2900 B,
1357 2868 1394 2893 ut
1412 2863 1438 2893 C
1456 2863 1489 2893 D
1504 2862 1544 2895 ad
1562 2863 1592 2894 0
1607 2863 1648 2902 ἀς
1671 2871 1871 2897 evanescente

146 2912 221 2934 nem
240 2902 334 2941 Prop.
353 2902 414 2932 LI.
433 2909 464 2933 et
480 2903 552 2934 Cor.
572 2907 601 2934 2.
623 2904 718 2943 Prop.
740 2903 822 2934 Lll.
844 2903 915 2934 Lib.
936 2904 965 2934 1.
1033 2915 1107 2935 arcu
1125 2905 1156 2936 Ο
1171 2905 1202 2941 d,
1219 2911 1383 2939 evanescet*
1392 2905 1484 2935 etiam
1498 2916 1590 2936 arcus
1607 2907 1634 2938 C
1648 2907 1691 2943 D,
1708 2918 1870 2947 seupunc-

191 2945 236 2986 (¹)
253 2946 271 2964 ¹*
289 2946 399 2976 Erunt
408 2947 575 2977 velocitates
584 2949 707 2987 prima,
724 2947 781 2976 διε.
809 2946 905 2983 Nam,
915 2945 988 2977 dato
1031 2953 1100 2978 tum
1116 2947 1137 2977 d
1152 2957 1224 2978 cum
1243 2948 1283 2984 Ο,
1305 2954 1336 2978 et
1353 2948 1385 2977 D
1400 2957 1472 2978 cum
1490 2949 1516 2978 C
1531 2949 1625 2979 simul
1639 2949 1822 2981 coincident.

145 2986 293 3027 temporis
317 2993 486 3024 momento,
515 2988 690 3020 velocitates
712 2988 827 3030 genitae
850 2994 924 3019 sunt
944 2995 982 3020 ut
1076 2989 1120 3031 (t)
1138 2992 1155 3010 '¹'
1172 2991 1214 3020 In
1226 2988 1331 3020 eddem
1346 2992 1471 3021 ratione.
1524 2991 1606 3022 Sunt
1628 2992 1711 3022 enim
1726 2992 1870 3024 velocita-

145 3032 226 3060 vires
253 3032 322 3102 (133⁵
349 3029 542 3102 Ubk1·1),’et
561 3037 598 3062 ut
618 3031 718 3071 spatia
745 3030 899 3071 descripta
921 3032 992 3073 (per
1033 3037 1089 3068 tes,
1112 3039 1148 3080 ut
1163 3032 1261 3080 spatia
1275 3031 1348 3081 dato
1361 3034 1507 3072 temporis
1527 3034 1869 3084 momentoflescripta.

152 3072 234 3157 Coit.)
243 3076 275 3135 4.
286 3082 390 3149 Sim
403 3074 540 3146 ‘Ie-,crim
562 3073 620 3146 Lg-
655 3115 742 3153 Qnia
755 3115 839 3147 enim
853 3121 900 3147 m
909 3126 988 3147 sem-
1033 3079 1158 3149 εέεωιῷῃιὲ
1174 3074 1278 3159 ῧῖῗίο
1291 3081 1449 3107 resistente
1462 3086 1557 3118 quam
1571 3087 1605 3107 m
1619 3077 1723 3109 medio
1737 3088 1801 3109 non
1821 3088 1870 3109 re-

975 3171 1045 3204 K4
