2066 3548
236 247 315 284 132
644 243 1094 291 PHILOSOPHIAE
1126 247 1490 291 NATURALIS
1575 246 1938 299 [Mo-r.Com³oit·

228 357 339 399 tione
359 357 499 414 quavis
520 360 723 417 assignat&
745 362 951 404 distantiae
971 377 995 403 a
1015 370 1170 413 centro,
1201 369 1248 402 ut
1267 369 1307 402 et
1327 361 1398 403 ubi
1416 359 1589 402 fluidum
1609 374 1772 403 sursum
1799 359 1934 405 rarius

230 437 302 479 est,
326 429 518 471 deorsum
539 431 717 473 densius.
779 433 834 482 Q.
857 448 893 474 e.
915 433 956 474 d.

219 545 228 555 .
283 501 412 541 Corol.
439 507 475 541 1.
536 502 669 558 Igitur
699 501 874 544 fundum
903 518 986 543 non
1017 510 1190 558 urgetur
1218 516 1243 542 a
1271 509 1358 543 toto
1387 500 1505 542 fluidi
1533 499 1806 542 incumbentis
1825 514 1932 556 pon-

221 570 331 620 dere,
365 571 438 612 sed
458 586 549 612 eam
570 572 830 614 solummodo
859 573 1055 628 ponderis
1084 578 1244 626 partem
1265 573 1437 613 sustinet
1457 585 1550 626 quae
1570 571 1615 612 in
1639 570 1930 626 Propositione

219 641 463 683 describitur
474 659 486 691 ς
515 643 702 698 pondere
722 645 881 700 reliquo
901 661 926 685 a
943 644 1059 685 fluidi
1079 643 1213 700 figur&
1234 643 1432 685 fornicata
1460 650 1700 686 sustentato.
1753 631 1758 635 ⁴

277 714 406 754 Corol.
429 718 468 754 2.
532 713 583 754 In
612 715 839 770 aequalibus
873 723 1009 756 autem
1039 730 1064 755 a
1093 722 1236 756 centro
1264 714 1468 755 distantiis
1499 713 1645 755 eadem
1675 727 1838 768 semper
1865 719 1929 755 est

215 785 436 839 pressionis
458 786 675 841 quantitas,
713 788 762 842 (e)
784 788 867 828 sive
898 786 1135 841 superficies
1165 800 1307 840 pressa
1336 786 1389 827 sit
1415 786 1618 827 horizonti
1637 784 1835 841 parallela
1861 783 1928 826 vel

214 856 566 911 perpendicularis
597 858 661 899 vel
683 857 871 913 obliqua3
901 856 945 911 (¹⁷)
969 857 1052 898 sive
1081 856 1268 906 fluidum,
1300 871 1325 896 a
1345 854 1561 910 superficie
1590 855 1729 910 pressa
1758 869 1922 897 sursum

214 930 509 979 continuatum,
533 937 673 986 surgat
693 929 1088 984 perpendiculariter
1107 927 1335 970 secundum
1354 926 1505 968 lineam
1523 935 1689 977 rectam,
1711 927 1777 968 vel
1796 926 1924 982 serpit

212 1001 376 1057 oblique
397 1016 472 1056 per
493 1010 620 1043 tortas
642 1003 831 1044 cavitates
853 1009 894 1043 et
914 1002 1089 1051 canales,
1120 1015 1269 1056 easque
1290 999 1500 1056 regulares
1529 999 1595 1040 vel
1622 998 1800 1040 maxime
1819 999 1921 1047 irreq

211 1138 367 1179 gravitatis
388 1140 647 1172 acceleratricibus
668 1140 701 1170 in
716 1140 790 1171 locis
808 1141 851 1178 D,
871 1140 910 1176 B,
929 1141 960 1171 A
976 1151 1046 1180 pro·
1134 1140 1166 1171 Si
1182 1141 1225 1170 vis
1239 1138 1436 1174 accelerattix
1448 1137 1603 1179 gravitatis
1613 1137 1811 1177 commissit,
1826 1149 1920 1171 curva

210 1183 406 1220 portionales,
423 1183 545 1223 sintque
559 1193 661 1213 curvae
679 1183 707 1212 L
721 1183 736 1213 I
750 1183 782 1212 K
799 1189 830 1213 et
846 1183 879 1213 N
893 1183 922 1213 T
933 1183 966 1213 X
978 1183 1046 1213 loca
1091 1183 1124 1213 X
1141 1183 1171 1213 T
1187 1176 1225 1213 N'
1241 1183 1272 1212 in
1294 1188 1408 1212 rectam
1431 1181 1544 1211 lineam
1569 1181 1741 1212 mutabitur
1759 1181 1812 1212 axi
1834 1182 1870 1213 A
1883 1182 1919 1214 D

210 1231 396 1262 punctorum
423 1225 463 1262 L,
475 1225 509 1262 Ἰ,
528 1226 571 1262 K,
595 1231 625 1255 et
649 1226 690 1261 N,
709 1226 748 1262 T,
768 1226 810 1256 X.
850 1225 1044 1256 Producatur
1086 1225 1273 1264 parallehxm,
1311 1224 1429 1264 eritque
1464 1223 1592 1263 proinde
1619 1223 1735 1263 pressio
1763 1223 1853 1254 fluidi
1882 1225 1916 1256 in

215 1267 247 1295 K
267 1268 295 1296 A
310 1267 343 1296 in
364 1268 402 1302 R,
420 1274 455 1297 ut
470 1268 508 1297 sit
523 1278 643 1306 semper
661 1269 690 1299 A
711 1269 740 1299 R
754 1268 934 1309 rectangulo
959 1269 989 1298 A
1010 1268 1041 1297 X
1084 1268 1219 1298 fundum
1233 1268 1264 1297 D
1274 1267 1310 1297 H
1322 1266 1371 1303 M,
1384 1272 1418 1296 ut
1428 1265 1560 1296 fundum
1571 1266 1630 1296 hoc
1639 1272 1669 1296 et
1677 1276 1746 1296 area
1757 1266 1829 1296 DA
1842 1265 1876 1297 K
1886 1266 1918 1298 L

213 1313 245 1344 ><
267 1310 297 1338 A
313 1310 345 1339 K
362 1310 603 1348 proportionaliS,
631 1317 661 1341 et
684 1311 714 1341 R
730 1311 763 1346 Q
779 1311 806 1340 P
831 1320 924 1341 curva
948 1320 1041 1350 quam
1084 1310 1293 1351 conjunctim;
1319 1309 1351 1338 in
1374 1307 1431 1338 hirc
1452 1308 1536 1338 enim
1557 1309 1727 1347 hypothesi,
1749 1310 1791 1340 ob
1811 1308 1916 1340 datam

211 1358 360 1388 punctum
380 1353 409 1382 R
425 1360 572 1391 perpetuo
587 1354 705 1393 tangit:
725 1359 756 1384 et
770 1355 884 1392 pressio
899 1352 986 1383 fluidi
1008 1353 1041 1382 in
1087 1354 1118 1383 A
1137 1353 1179 1389 K,
1209 1362 1280 1382 area
1306 1351 1340 1382 D
1358 1351 1388 1380 A
1408 1351 1439 1381 R
1457 1350 1485 1380 P
1510 1350 1742 1389 proportionalis
1771 1356 1816 1381 est
1836 1361 1916 1382 areae

209 1393 343 1423 fundum
370 1396 552 1433 sphaericum
582 1396 614 1425 D
639 1396 675 1426 H
699 1396 738 1426 M
768 1396 824 1426 erit
848 1402 885 1425 ut
906 1394 1042 1425 fundum
1087 1394 1120 1425 D
1139 1395 1168 1424 A
1187 1394 1222 1425 K
1238 1395 1273 1424 L.
1908 1424 1909 1427 ,

214 1436 244 1464 D
264 1436 297 1466 H
317 1437 356 1467 Μ
370 1443 401 1466 et
415 1447 484 1467 area
509 1437 541 1467 D
560 1438 589 1467 A
610 1438 640 1468 R
658 1438 686 1468 P
708 1438 908 1478 conjunctim.
957 1438 1041 1468 Nam
1129 1438 1161 1468 si
1183 1437 1228 1467 vis
1249 1435 1406 1477 gravitatis
1427 1441 1458 1465 et
1479 1434 1611 1465 densitas
1633 1434 1720 1464 fluidi
1740 1441 1915 1467 constantes

209 1478 322 1515 pressio
344 1478 431 1508 fluidi
454 1479 628 1519 cylindrulo
653 1481 680 1512 B
701 1481 731 1510 A
751 1481 782 1511 G
802 1481 827 1511 F
853 1479 990 1510 contenti
1011 1480 1043 1508 in
1087 1479 1156 1516 sint,
1174 1489 1275 1509 curvae
1291 1479 1320 1508 X
1339 1478 1369 1508 Τ
1385 1477 1427 1514 Ν,
1454 1477 1487 1507 K
1506 1477 1519 1506 1
1540 1477 1568 1507 L
1584 1483 1614 1507 et
1633 1478 1663 1507 R
1675 1477 1706 1512 Q
1724 1477 1752 1508 P
1765 1477 1798 1507 in
1818 1483 1916 1509 rectas

210 1519 306 1550 basim
325 1521 358 1551 D
375 1521 405 1551 E
422 1527 466 1552 est
481 1527 516 1552 ut
530 1523 683 1562 quantitas
697 1523 833 1553 materiae
847 1522 880 1552 in
895 1522 958 1552 vim
971 1531 1042 1564 gra·
1086 1521 1181 1552 lineas
1197 1521 1246 1551 axi
1264 1521 1293 1551 A
1313 1521 1346 1552 D
1361 1519 1522 1560 parallelas
1534 1519 1687 1560 migrant5
1704 1525 1735 1550 et
1747 1519 1819 1551 idea
1829 1529 1914 1559 pres-

1418 1561 1466 1591 sio
1480 1561 1567 1591 fluidi
1587 1562 1619 1591 in
1636 1561 1770 1592 fundum
1785 1562 1912 1602 sphaeri-

1313 1624 1343 1653 G
1418 1614 1490 1635 cum
1510 1605 1542 1634 D
1559 1604 1595 1634 H
1614 1605 1660 1640 M,
1689 1604 1736 1635 vel
1757 1605 1790 1635 in
1814 1605 1913 1636 busim

1418 1646 1548 1686 cylindri
1566 1647 1598 1676 D
1613 1647 1652 1682 E,
1669 1653 1716 1677 est
1730 1653 1766 1677 ut
1777 1646 1912 1678 fundum

1313 1686 1344 1717 Τ
1417 1688 1497 1719 illud
1513 1689 1547 1719 D
1561 1689 1596 1718 H
1609 1689 1657 1726 M,
1669 1690 1718 1719 vel
1731 1689 1812 1719 basis
1823 1690 1856 1720 D
1868 1690 1911 1727 E,

1418 1737 1450 1762 et
1473 1731 1604 1762 altitudo
1625 1731 1713 1762 fluidi
1736 1732 1768 1762 A
1785 1732 1818 1762 D
1834 1741 1909 1764 con.

1412 1774 1555 1815 junctim.
1604 1773 1637 1804 Si
1657 1772 1729 1804 vero
1750 1773 1911 1807 conferan-

1416 1822 1468 1846 tur
1482 1816 1615 1856 liquores
1627 1816 1661 1846 in
1675 1816 1908 1857 sehomogenei,

1416 1858 1469 1888 sed
1491 1858 1617 1888 diversae
1635 1858 1715 1889 inter
1728 1869 1761 1889 se
1775 1858 1909 1890 densita.

1416 1901 1464 1937 tis,
1493 1900 1662 1939 pressiones
1684 1907 1776 1931 erunt
1804 1901 1838 1931 in
1858 1911 1908 1932 m-

1414 1942 1499 1973 tione
1521 1942 1689 1982 compositi
1709 1942 1839 1981 basium,
1863 1944 1908 1974 al-

1316 1975 1344 2006 Β
1413 1984 1581 2016 titudinum
1593 1992 1624 2015 et
1633 1985 1830 2022 densitatum,
1840 1995 1908 2017 mo-

1413 2074 1505 2104 stans,
1529 2069 1569 2100 sit
1588 2069 1622 2099 in
1643 2075 1773 2111 utroque
1787 2069 1908 2112 liquore

1413 2111 1560 2152 aequalis3
1593 2121 1666 2143 nam
1694 2112 1721 2143 si
1747 2112 1909 2154 ina-qualis

1412 2160 1499 2191 esset,
1515 2155 1684 2193 pressiones
1697 2155 1799 2186 forent
1814 2155 1905 2187 inra-

1411 2196 1497 2229 tione
1517 2196 1685 2236 composita
1704 2198 1834 2234 basium,
1856 2198 1905 2230 al·

1411 2238 1591 2276 titudinum,
1615 2239 1801 2272 densitatum
1815 2246 1847 2272 et
1859 2239 1904 2271 vi-

1411 2280 1491 2312 rium
1506 2282 1671 2322 gravitatis.
1765 2301 1769 2305 ·
1842 2285 1847 2290 '

1430 2322 1433 2323 ⁷
1454 2323 1501 2366 (ε)
1519 2325 1535 2343 ”
1547 2326 1615 2357 Siue
1624 2327 1903 2369 sumrfieiesmem

1409 2367 1448 2396 sit
1458 2367 1613 2403 horizonti,
1623 2367 1679 2398 &a
1724 2370 1743 2388 ·
1756 2368 1906 2399 Sumatur

1409 2408 1526 2448 quaevis
1553 2409 1703 2448 particula
1723 2409 1805 2440 inter
1824 2410 1904 2441 duos

1408 2451 1496 2481 orbes
1517 2451 1724 2482 concentrioos
1755 2452 1784 2483 B
1806 2453 1833 2483 F
1856 2452 1902 2489 K,

1413 2026 1454 2058 dd
1467 2029 1600 2068 gravitas
1613 2026 1809 2058 accelerati-lx
1831 2038 1906 2059 con-
1935 2067 1941 2070 ξ

202 2481 303 2513 vitatis
316 2483 510 2525 singularum
524 2484 745 2524 partIcularum
757 2485 851 2516 ducta
872 2487 942 2527 (per
964 2486 1031 2517 De-

202 2523 277 2555 finit.
299 2526 402 2557 VIII.
423 2527 493 2559 Lib.
515 2528 569 2567 L).
608 2528 773 2564 Quantitas
787 2529 921 2559 materioe
935 2528 1031 2568 cylin.

202 2566 257 2596 dro
276 2568 303 2597 B
315 2570 341 2598 A
361 2569 391 2599 G
403 2569 431 2600 F
445 2577 588 2600 contenta
602 2577 647 2600 est
657 2577 693 2601 ut
703 2570 860 2610 cylindrus
874 2571 902 2601 B
918 2571 947 2600 A
963 2571 993 2601 G
1006 2571 1033 2601 F

202 2614 233 2638 et
253 2609 386 2641 densitas
410 2612 600 2653 conjunctim
627 2615 671 2653 (2.
691 2613 761 2643 Lib.
783 2612 836 2651 L),
860 2613 893 2643 id
917 2619 972 2650 est,
995 2619 1031 2644 ut

202 2650 280 2681 basis
291 2653 420 2692 cylindri
439 2655 471 2684 D
484 2655 512 2684 E
528 2661 558 2685 et
569 2654 783 2695 rectangulum
801 2655 831 2684 A
848 2655 876 2685 B
888 2659 921 2692 χ
939 2656 968 2686 A
982 2656 1025 2686 K.

205 2693 310 2727 Quare
325 2696 438 2734 pressio
453 2696 540 2727 fluidi
554 2696 693 2736 cylindro
710 2698 738 2727 B
756 2697 786 2727 A
807 2697 837 2727 G
855 2697 881 2727 F
895 2699 1029 2729 contenti

202 2740 257 2764 estx
270 2742 306 2766 ut
327 2738 405 2768 basis
431 2739 463 2769 D
481 2739 510 2769 Ε
533 2745 564 2769 et
584 2739 716 2770 solidum
742 2741 772 2769 A
791 2739 820 2769 Β
839 2744 871 2776 ><
893 2741 923 2770 A
940 2740 974 2770 K
992 2745 1025 2778 ><

205 2778 235 2806 Α
254 2777 296 2814 X,
313 2789 367 2809 seu
384 2787 419 2810 ut
432 2781 511 2811 basis
529 2782 561 2812 D
579 2782 608 2812 E
624 2788 655 2812 et
669 2781 882 2822 rectiangulum
901 2782 930 2812 A
949 2783 977 2813 B
993 2788 1026 2820 ><

205 2819 234 2848 A
256 2821 285 2850 R
300 2822 498 2862 conjunctim.
540 2823 706 2854 Dividetur
719 2830 784 2854 tota
797 2822 884 2854 fluidi
899 2824 1029 2856 altitudo

204 2860 236 2889 D
251 2862 278 2891 A
295 2863 328 2892 in
344 2871 443 2902 partes
457 2866 634 2897 innumeras
648 2872 684 2896 ut
701 2867 731 2896 A
747 2867 784 2901 B,
801 2872 831 2896 et
845 2866 901 2897 erit
914 2868 1040 2906 pressio,

201 2901 288 2934 fluidi
310 2906 405 2938 totius
426 2907 458 2937 in
480 2909 576 2939 basim
591 2908 722 2949 cylindri
747 2909 780 2940 D
795 2909 826 2939 E
848 2909 896 2940 vel
910 2909 943 2939 in
958 2909 1049 2940 fun-'

199 2943 277 2976 dum
293 2949 476 2985 sphaericum
494 2951 526 2982 D
546 2951 580 2981 H
598 2951 646 2987 M,
662 2957 699 2982 ut
713 2951 792 2982 basis
809 2951 841 2982 D
855 2950 884 2982 E
901 2952 948 2982 vel
957 2951 1030 2982 fun-

200 2986 277 3065 «ἕω
301 2990 335 3061 (ll)
353 2991 388 3023 H
405 2992 443 3023 M
470 2999 500 3024 et
524 3003 594 3024 area
621 2994 655 3025 D
673 2994 702 3025 A
723 2994 754 3026 R
772 2993 800 3025 P
823 2994 1022 3036 conjunctim.

261 3041 286 3062 e.
323 3051 332 3061 .

1076 2489 1102 2521 c
1118 2487 1148 2519 G
1160 2488 1200 2524 L,
1217 2488 1272 2519 illa
1284 2489 1433 2527 particula
1446 2502 1501 2532 per
1514 2493 1627 2525 Casum
1640 2496 1670 2525 5.
1686 2494 1778 2534 Prop.
1795 2494 1899 2526 XIX.

1073 2529 1211 2572 undique
1239 2531 1395 2571 aequaliter
1422 2535 1582 2574 premitur,
1613 2545 1688 2576 ergo
1715 2546 1771 2577 per
1797 2535 1903 2568 motus

1075 2571 1155 2620 1¹⁸3!
1185 2575 1214 2602 3.
1241 2572 1379 2614 undique
1401 2577 1560 2616 aequalioer
1583 2578 1704 2618 premit,
1735 2579 1902 2611 substimu-

1072 2620 1124 2645 tur
1137 2620 1238 2655 ltaque
1252 2614 1321 2646 loco
1341 2618 1499 2656 particuloe
1521 2619 1656 2660 cujusvis
1677 2621 1758 2652 hanc
1779 2621 1901 2653 eontin-

1071 2657 1172 2697 gentis
1186 2657 1357 2697 superficies
1377 2661 1502 2701 quaevis,
1528 2662 1590 2693 sive
1610 2663 1816 2700 horizontalis,
1837 2663 1902 2696 sive

1071 2700 1338 2739 perpendicularis,
1353 2702 1416 2734 sive
1429 2703 1563 2746 obliqua,
1579 2704 1705 2745 aequalis
1718 2706 1817 2738 eritin
1830 2714 1901 2738 eum
1923 2707 1933 2717 ⁶

1071 2742 1234 2781 pressionis
1246 2744 1415 2784 quantitas:
1440 2757 1508 2787 ergo
1528 2748 1562 2778 in
1583 2746 1752 2788 aequalilm
1765 2760 1785 2780 a
1799 2755 1900 2781 cmm

1071 2786 1228 2822 distantiis,
1251 2786 1307 2816 &c-

1115 2826 1155 2868 (Γ)
1175 2830 1191 2847 ¹⁸
1208 2829 1275 2859 Sive
1277 2830 1422 2871 fluidum
1435 2842 1455 2862 a
1469 2834 1625 2875 superficie
1634 2832 1751 2874 pre-ud,
1766 2834 1825 2868 &c-
1866 2832 1900 2866 si

1071 2867 1203 2900 fluidum
1219 2881 1287 2901 vase
1301 2871 1410 2904 utlibet
1423 2873 1585 2917 irregulari
1601 2875 1631 2906 E
1650 2875 1678 2906 F
1695 2876 1725 2907 G
1743 2876 1779 2906 H
1794 2875 1900 2917 dgfe

1073 2912 1276 2950 contineatur,
1302 2915 1380 2946 vasis
1401 2915 1535 2947 fundum
1553 2917 1589 2948 H
1605 2917 1627 2948 d
1640 2917 1802 2950 sustinebit

1073 2953 1132 2984 dus
1154 2954 1294 2994 cylindri,
1318 2957 1407 2998 cujus
1427 2958 1507 2989 basis
1529 2959 1656 3000 aequalis
1669 2967 1714 2992 est
1728 2971 1764 2992 su
1841 2960 1898 2992 eici

1069 2995 1160 3027 fundi
1177 2997 1213 3028 H
1229 2997 1259 3036 d,
1275 3004 1306 3030 et
1319 2998 1451 3031 altitudo
1468 3001 1501 3032 D
1515 3002 1546 3032 A
1561 3002 1668 3034 eadem
1680 3013 1750 3044 que
1763 3000 1852 3034 fluidi
1864 3002 1899 3034 in

1070 3047 1140 3070 vase
1155 3041 1300 3072 contenti.
1349 3042 1467 3075 Iisdem
1482 3044 1565 3076 enim
1579 3045 1694 3086 positis,
1717 3054 1788 3087 que
1800 3043 1835 3076 in
1844 3044 1899 3077 de-

2047 3492 2057 3548 *ps
