2066 3548
178 208 326 251 Lmssn
348 209 566 261 Saeuum]
632 210 950 253 PRINCIPIA
983 209 1478 254 MATHEMATICA.
1798 221 1880 262 109

172 327 334 373 partem
352 319 478 370 illam,
503 335 596 376 quae
617 336 658 362 01
665 322 748 362 itur
767 336 820 362 ex
839 320 1041 361 densitate
1060 319 1191 370 fluidi,
1214 320 1394 361 diximus
1414 335 1504 362 esse
1522 321 1567 361 in
1586 322 1794 377 duplicata
1812 340 1879 367 ra-

172 391 284 432 tione
299 391 548 443 velocitatis;
567 409 665 449 pars
685 394 825 443 altera,
848 407 942 448 quae
962 393 1093 434 oritur
1113 408 1168 435 ex
1183 394 1400 435 tenacitate
1413 394 1543 445 fluidi,
1566 403 1628 436 est
1647 396 1874 449 uniformis,

171 463 255 504 sive
275 471 322 505 ut
341 473 598 507 momentum
618 465 839 520 temporis:
870 464 1046 520 ideoque
1059 465 1147 519 jam
1167 479 1342 521 pergere
1362 464 1504 506 liceret
1523 465 1576 506 ad
1595 474 1755 507 motum
1784 481 1875 508 cor-

167 547 331 588 porum,
353 535 502 590 quibus
522 536 722 577 resistitur
739 535 892 589 partim
920 535 961 575 vi
989 534 1184 575 uniformi
1215 550 1287 575 seu
1316 536 1359 575 in
1388 535 1547 576 ratione
1567 544 1874 580 momentorum

168 606 378 660 temporis,
410 614 452 647 et
479 621 548 662 pal
556 607 632 647 tim
660 606 704 646 in
732 606 891 647 ratione
921 604 1382 660 duplicatavelocitatis.
1446 606 1530 648 Sed
1550 606 1698 648 sufficit
1715 607 1873 649 aditum

165 677 407 732 patefecisse
436 678 490 719 ad
517 678 627 719 hanc
657 678 978 733 speculationem
1006 678 1050 718 in
1082 678 1439 732 Propositionibus
1459 678 1587 722 VIII.
1611 686 1653 720 et
1673 679 1756 720 IX.
1778 695 1872 735 quae

164 747 421 800 praecedunt,
443 756 485 790 et
504 763 648 790 eorum
670 749 924 790 Corollariis.
968 748 1019 804 (¹¹)
1035 748 1087 790 In
1106 748 1253 790 iisdem
1268 749 1408 805 utique
1422 764 1501 804 pro
1521 750 1706 805 corporis
1726 766 1870 792 ascen·
1896 759 1898 761 ’

164 817 299 860 dentis
329 821 560 863 resistentia
590 821 796 872 uniformi,
829 836 922 877 quae
942 836 996 862 ex
1016 821 1103 876 ejus
1122 821 1322 878 gravitate
1341 823 1486 873 oritur,
1519 823 1710 865 substitui
1728 832 1867 879 potest

164 889 396 931 resistentia
417 891 644 943 uniformis,
675 907 769 948 quae
789 893 921 934 oritur
940 906 995 933 ex
1014 892 1231 934 tenacitate
1251 893 1390 944 medii,
1422 894 1588 949 quando
1608 909 1757 950 corpus
1779 896 1867 938 sola

163 960 203 1001 vi
221 960 343 1002 insita
362 970 574 1012 movetur3
606 971 648 1005 et
676 978 850 1018 corpore
878 962 989 1005 recta
1019 963 1266 1006 aseendente
1295 965 1448 1006 addere
1468 966 1565 1008 licet
1583 965 1691 1008 hanc
1710 967 1868 1010 unifor-

162 1046 271 1073 mem
305 1033 579 1075 resistentiam
611 1034 652 1075 vi
685 1034 895 1091 gravitatis
906 1050 919 1083 3
960 1034 1216 1091 eandemque
1246 1035 1489 1086 subducere,
1524 1037 1690 1093 quando
1717 1052 1867 1094 corpus

161 1101 275 1144 recta
293 1102 520 1145 descendit.
583 1105 763 1162 Pergere
783 1105 908 1146 etiam
936 1105 1078 1147 liceret
1097 1105 1151 1147 ad
1170 1095 1330 1147 motum
1361 1121 1595 1162 corporum,
1632 1108 1782 1165 quibus
1801 1123 1868 1151 re-

161 1175 315 1216 sistitur
342 1178 495 1231 partim
514 1177 785 1228 uniformiter,
816 1178 967 1232 partim
987 1178 1031 1218 in
1050 1178 1208 1219 ratione
1227 1169 1466 1228 velocitatis,
1498 1187 1540 1220 et
1557 1180 1709 1234 partim
1727 1180 1771 1220 in
1800 1195 1866 1221 ra-

159 1247 271 1288 tione
286 1247 491 1302 duplicata
512 1247 754 1290 velocitatis.
819 1249 876 1291 Et
897 1250 1005 1289 viam
1026 1249 1169 1303 aperui
1188 1249 1232 1288 in
1254 1249 1612 1303 Propositionibus
1625 1250 1865 1304 praeceden-

159 1319 267 1360 tibus
290 1319 422 1361 XIII.
444 1329 485 1361 et
506 1320 631 1361 XIV.
654 1321 710 1376 (¹)
732 1321 775 1361 in
797 1320 946 1376 quibus
967 1320 1090 1362 etiam
1111 1319 1340 1360 resistentia
1360 1319 1587 1369 uniformis,
1619 1334 1713 1375 quae
1733 1321 1865 1362 oritur

158 1407 210 1434 ex
231 1393 450 1434 tenacitate
469 1393 597 1434 medii
618 1408 696 1447 pro
709 1394 749 1434 vi
767 1392 994 1449 gravitatiS,
1027 1392 1218 1433 substitui
1246 1398 1396 1445 potest,
1428 1390 1493 1431 vel
1513 1405 1608 1431 cum
1627 1390 1786 1442 eadem,
1816 1398 1864 1433 ut

155 1463 284 1518 prius,
307 1463 511 1518 componi.
573 1463 656 1504 Sed
674 1478 855 1518 propero
874 1463 928 1503 ad
947 1462 1038 1503 alia.

198 1591 244 1632 (¹¹)
262 1594 279 1611 ⁸
296 1593 338 1623 In
349 1594 454 1623 iisdem
468 1595 576 1633 utique
595 1591 695 1632 (105).
1029 1591 1209 1629 exponebat,
1226 1599 1380 1620 summam
1395 1588 1550 1629 gravitatis
1560 1594 1591 1618 et
1602 1588 1780 1619 resistentiae
1787 1589 1857 1620 uni-

197 1633 244 1676 (.¹)
270 1636 287 1654 ’
304 1637 346 1666 In
371 1637 478 1674 quibus
501 1640 589 1667 etiam
614 1635 782 1666 resistentia
811 1635 986 1676 anijin-mis,
1029 1633 1137 1663 formis
1166 1633 1199 1662 in
1228 1632 1379 1672 pra—dictis
1407 1631 1686 1662 constructionibus
1714 1637 1855 1670 exponet.

155 1676 214 1706 hoc
229 1683 283 1713 est,
306 1677 332 1706 si
345 1685 457 1714 corpus
473 1677 535 1708 soli
549 1677 580 1707 vi
594 1675 687 1707 insita
708 1677 833 1714 feratur,
857 1678 890 1708 in
913 1686 986 1708 con-
1032 1675 1208 1707 Tandemsi
1223 1685 1336 1715 corpus
1349 1675 1377 1705 vi
1392 1674 1548 1716 gravitatis
1558 1673 1732 1712 descendat,
1748 1673 1858 1706 eadem

153 1719 373 1749 strue-tionibus
389 1720 481 1758 Prop.
503 1720 607 1750 XIII.
634 1726 665 1749 et
688 1720 799 1755 xlv..
823 1730 893 1760 quae
914 1727 988 1750 sunt
1029 1719 1183 1760 quantitas
1204 1729 1274 1760 quae
1295 1718 1391 1748 solam
1406 1718 1584 1758 gravitatem
1600 1719 1780 1756 exponebat,
1803 1727 1857 1748 ex-

153 1771 209 1800 pro
223 1762 357 1800 corporis
371 1772 505 1796 ascensu,
523 1761 591 1792 loco
605 1762 761 1802 gravitatis
775 1762 988 1792 substituenda
1029 1771 1151 1791 cessum
1170 1761 1327 1802 gravitatis
1341 1759 1434 1799 supra
1447 1759 1647 1790 resistentiam
1669 1760 1857 1790 uniformem

152 1809 200 1834 est
213 1804 381 1834 resistentia
395 1804 560 1834 uniformis
573 1814 643 1844 quae
660 1805 759 1837 oritur
772 1815 809 1834 ex
825 1805 987 1835 tenacitate
1028 1803 1063 1833 in
1088 1803 1363 1835 constructionibus
1382 1813 1452 1843 quae
1474 1807 1547 1832 sunt
1568 1811 1623 1841 pro
1644 1801 1793 1833 descensu
1806 1811 1856 1833 re-

151 1846 247 1876 medii
266 1858 276 1884 3
293 1846 319 1876 si
333 1857 445 1886 corpus
468 1846 634 1877 ascendens
660 1847 689 1877 vi
714 1847 869 1887 gravitatis
890 1848 983 1877 etiam
1024 1847 1219 1885 praesentabit
1235 1846 1364 1887 (caeteris
1378 1843 1602 1882 manentibus.)

152 1894 310 1928 urgeatur,
340 1889 493 1930 quantitas
514 1889 567 1919 illz.
588 1899 658 1929 quae
682 1889 778 1920 solam
803 1889 982 1929 gravitatem
