2066 3548
251 255 335 299 276

253 367 409 409 quoddam
434 374 557 409 tempus
581 369 704 400 {initum
729 371 899 411 requiretur
920 377 955 402 ut
977 372 1084 402 eadem

253 410 398 441 velocitas
412 411 445 441 in
459 412 599 451 proximo
614 419 728 451 puncto
737 413 895 450 excitetur,
911 415 1005 452 paulo
1016 415 1082 445 lon-

253 453 325 493 gius
339 459 461 493 tempus
475 461 511 484 ut
524 455 556 484 in
571 456 660 485 tertio
671 455 866 494 producatur,
884 456 986 495 sicque
996 457 1082 487 dein-

255 505 335 534 ceps,
360 505 432 526 nam
447 506 502 535 per
518 497 589 527 Cor.
611 500 637 527 l.
659 497 765 528 nullus
787 503 889 528 motus
910 508 947 528 ex
967 506 1083 538 puncto

255 537 351 568 medii
367 538 480 568 elastici
495 540 528 568 in
543 545 696 578 punctum
711 540 886 578 proximum
903 541 1084 571 transfertur

257 579 315 609 nisi
330 581 433 620 elapso
447 581 536 611 finito
556 585 708 620 tempore?
731 582 875 612 velocitas
896 593 970 623 ergo
991 583 1083 622 primi

257 623 362 660 puncti
378 622 417 653 ad
431 622 603 653 secundum
615 633 676 653 non
689 624 795 654 transit
811 624 867 654 nisi
882 632 951 664 post
960 625 1083 655 finitum

254 664 377 703 tempus
392 667 430 695 ab
445 665 533 695 initio
547 670 650 695 motus
663 666 753 705 primi
768 667 876 706 puncti
898 674 929 697 et
943 667 1085 697 velocitas

256 707 383 737 secundi
405 707 513 745 puncti
535 707 574 738 ad
595 709 720 738 tertium
735 718 798 739 non
812 710 922 739 transit
935 709 995 738 nisi
1015 715 1085 748 post

255 747 380 779 finitum
410 755 532 789 tempus
556 751 595 780 ab
620 750 709 780 initio
737 750 840 782 motus
865 751 992 782 secundi
1015 753 1083 792 ejus

413 833 444 864 A
511 834 540 864 B
608 835 635 866 C
702 835 735 866 D
800 835 842 871 E,
874 836 929 866 &c-

254 916 373 957 puncti.
424 918 562 949 Breviori
576 925 678 950 autem
701 925 837 959 tempore
852 920 975 951 excitari
991 921 1081 952 debet

253 959 325 991 data
347 960 491 991 velocitas
513 961 545 991 in
566 961 702 992 secundo
716 971 832 1001 puncto
853 973 908 1002 per
928 964 1079 994 actionem

253 1002 462 1033 continuatam
478 1005 516 1033 ab
531 1003 619 1034 initio
633 1003 735 1034 motus
749 1004 839 1044 primi
854 1007 970 1044 puncti,
986 1005 1080 1046 quam

252 1044 286 1074 in
300 1045 389 1075 tertio
404 1055 457 1084 per
471 1045 623 1076 actionem
634 1046 842 1077 continuatam
858 1049 896 1077 ab
912 1048 998 1078 initio
1013 1058 1081 1078 mo-

252 1086 303 1118 tus
324 1087 430 1126 puncti
452 1088 596 1118 secundi:
622 1087 697 1119 cum
718 1089 802 1118 cnim
824 1089 967 1120 velocitas
987 1091 1080 1129 primi

251 1129 358 1168 puncti
378 1130 417 1160 sit
437 1130 524 1159 finita
538 1136 569 1160 et
583 1130 749 1170 aequabilis,
771 1133 954 1171 compressio
969 1132 1080 1163 exinde

251 1177 318 1202 orta
331 1173 370 1202 ab
384 1171 471 1202 initio
493 1173 559 1213 ejus
579 1172 683 1202 motus
702 1179 747 1203 est
761 1174 859 1214 major
878 1173 974 1214 quam
995 1185 1079 1205 com-

251 1214 366 1253 pressio
387 1224 457 1254 quae
472 1224 525 1253 per
539 1221 658 1244 motum
674 1215 801 1245 secundi
816 1217 923 1255 puncti
938 1219 976 1247 ab
990 1217 1078 1247 initio

251 1255 319 1295 ejus
332 1263 435 1286 motus
456 1257 632 1296 acquiritur,
658 1257 810 1297 siquidem
832 1258 870 1288 ad
892 1259 1078 1290 celeritatem

252 1298 343 1337 primi
365 1300 473 1337 puncti
494 1299 617 1329 nonnisi
638 1310 692 1338 per
706 1300 822 1341 gradus
835 1302 981 1340 pervenit,
1004 1312 1078 1342 ergo

251 1340 296 1370 vis
321 1340 432 1370 motrix
457 1351 528 1381 quae
550 1348 640 1382 urget
664 1343 835 1372 secundum
863 1350 1015 1382 punctum
1039 1346 1077 1375 ab

250 1381 347 1420 initio,
370 1382 477 1413 fortior
497 1390 543 1414 cst
563 1394 655 1423 quam
672 1394 708 1414 ea
721 1395 783 1424 qua
804 1392 932 1426 urgetur
952 1386 1077 1417 tertium

250 1431 403 1463 punctum
417 1427 456 1455 ab
470 1425 567 1463 inifio,
584 1436 658 1466 crgo
669 1428 793 1457 tertium
808 1434 959 1467 punctum
973 1429 1076 1459 datam

251 1467 337 1497 illam
353 1467 539 1498 celeritatem
562 1468 680 1498 tardius
693 1469 839 1509 acquiret,
863 1476 894 1500 et
908 1471 972 1509 pari
987 1472 1078 1501 ratio-

251 1509 341 1544 cinio,
365 1520 437 1540 cum
452 1511 497 1540 vis
511 1511 622 1540 motrix
638 1511 765 1541 secundi
785 1512 892 1550 puncti
911 1515 968 1543 sub
990 1513 1079 1543 initio

250 1550 359 1582 fortior
373 1553 412 1582 sit
425 1562 518 1592 quam
534 1553 578 1582 vis
591 1553 702 1583 motrix
718 1553 809 1591 tertii,
832 1555 1017 1593 compressio
1031 1556 1077 1585 in-

250 1599 297 1623 ter
311 1594 481 1624 secundum
497 1600 528 1624 et
541 1595 666 1625 tertium
681 1602 833 1634 punctum
847 1597 945 1638 major
956 1599 1012 1627 erit
1022 1600 1078 1628 sub

250 1635 339 1666 initio
352 1636 445 1676 quam
460 1637 540 1666 inter
554 1637 680 1667 tertium
695 1644 726 1667 et
739 1645 903 1678 quartum;
928 1640 1011 1670 uude
1033 1641 1078 1670 vis

249 1678 361 1710 motrix
376 1689 446 1719 quae
462 1685 552 1719 urget
573 1679 696 1709 tertium
719 1687 871 1718 punctum
897 1684 954 1712 sub
976 1683 1075 1719 initio,

250 1720 357 1751 fortior
371 1727 417 1751 est
431 1721 523 1761 quam
539 1732 575 1751 ea
590 1721 650 1761 qui
672 1729 800 1762 urgetur
820 1730 964 1763 quartum
979 1735 1077 1764 punc-

249 1768 337 1800 tum;
361 1773 434 1803 ergo
448 1762 521 1793 cum
536 1770 688 1802 punctum
703 1775 832 1805 sequens
846 1766 1010 1806 aliqualem
1027 1777 1077 1797 ve-

250 1804 404 1835 locitatem
433 1805 586 1844 suscipere
616 1816 679 1835 non
706 1808 802 1845 possit
830 1808 888 1837 nisi
916 1815 1076 1848 postquam

249 1853 400 1885 punctum
413 1847 587 1886 praecedens
595 1848 728 1885 spatium
740 1848 864 1878 finitum
875 1849 1074 1888 descripserit,

249 1894 281 1918 et
294 1888 425 1928 longiori
447 1895 582 1929 tempore
597 1891 635 1919 ab
649 1890 738 1920 initio
753 1890 855 1920 motus
875 1893 1007 1930 suscepti
1022 1892 1076 1922 da-

249 1936 312 1960 tam
327 1931 518 1960 velocitatem
534 1932 627 1969 possit
641 1932 802 1970 suscipere,
825 1932 922 1973 liquet
936 1934 1019 1973 quod
1041 1945 1077 1965 ea

251 1972 322 2002 data
344 1972 487 2002 velocitas
513 1973 636 2003 nonnisi
657 1973 825 2005 successive
846 1975 885 2005 ad
908 1976 1077 2007 successiva

251 2015 346 2044 medii
361 2014 477 2045 elastici
493 2022 607 2053 puncta
621 2016 775 2056 pertingit.

291 2061 320 2086 8.
340 2059 434 2088 Sclzol.
463 2057 550 2087 Hinc
565 2064 648 2096 patet
668 2057 832 2088 discrimen
854 2059 933 2089 inter
953 2066 1075 2090 motum

247 2098 280 2127 in
296 2099 398 2129 medio
420 2099 543 2129 elastico
564 2100 729 2130 excitatum
746 2106 777 2129 et
791 2107 911 2131 motum
926 2101 979 2141 qui
995 2103 1077 2132 exci-

247 2147 330 2171 tatur
343 2141 376 2171 in
393 2141 496 2171 medio
508 2151 569 2171 non
582 2142 706 2172 elastico
715 2142 804 2182 cujus
812 2150 912 2182 partes
923 2144 1077 2184 contiguae

247 2190 328 2220 sunt,
351 2183 383 2213 in
398 2184 453 2214 tali
468 2183 549 2214 enim
565 2184 677 2221 medio,
701 2185 815 2223 pressio
838 2186 960 2216 cuidam
982 2187 1075 2225 parti-

246 2225 326 2255 culae
341 2226 493 2265 applicata
507 2226 547 2256 ad
561 2237 669 2257 omnes
683 2233 783 2265 partes
797 2227 831 2257 in
850 2228 1003 2259 directum
1018 2240 1073 2268 po-

246 2268 327 2302 sitas,
354 2275 409 2298 aut
423 2267 632 2306 divaricantes,
655 2276 771 2308 puncto
786 2271 931 2308 temporis
952 2271 1075 2302 extendi

245 2309 354 2348 debet3
384 2317 488 2340 motus
513 2321 584 2341 vero
613 2311 738 2341 instanti
767 2312 799 2341 in
829 2313 980 2343 circulum
1002 2324 1073 2353 pro-

248 2353 353 2393 pagari
379 2352 489 2390 debet3
515 2360 548 2383 at
568 2353 601 2383 in
623 2353 726 2384 medio
741 2354 873 2391 elastico‚
899 2356 1013 2394 pressio
1034 2358 1073 2387 ab

245 2404 310 2424 uno
323 2401 440 2434 puncto
454 2395 494 2425 ad
507 2395 639 2425 alterum
654 2406 718 2426 non
732 2396 931 2427 continuatur
945 2398 1003 2428 nisi
1018 2409 1074 2437 per

243 2446 398 2467 accessum
413 2443 599 2476 punctorum
614 2438 717 2474 medii,
734 2439 797 2468 sive
809 2449 862 2479 per
876 2440 989 2470 realem
1003 2451 1071 2471 mo-

245 2485 325 2516 tum,
347 2479 402 2520 qui
417 2486 590 2510 antrorsum
605 2487 799 2520 propagetur,
823 2488 854 2511 et
867 2488 936 2520 post
950 2488 1071 2522 tempus

245 2520 366 2551 finitum
376 2532 395 2551 a
405 2529 522 2561 puncto
533 2523 670 2561 primum
683 2530 768 2554 moto
778 2523 818 2553 ad
829 2524 961 2564 reliquas
971 2531 1071 2565 partes

242 2562 330 2594 fluidi
344 2563 511 2595 successive
525 2564 689 2604 perveniat.

515 2691 754 2723 PROBLEM
759 2693 799 2723 A.

285 2779 315 2807 9.
343 2775 376 2806 Si
393 2781 546 2815 punctum
569 2776 664 2807 medii
679 2776 793 2808 elastici
808 2777 895 2808 finita
909 2778 1068 2808 velocitate

239 2824 399 2848 moveatur
413 2829 483 2859 quae
498 2825 640 2849 constans
654 2826 787 2857 maneat,
803 2820 933 2851 del-inire
947 2827 1067 2850 motum

238 2867 424 2897 punctorum
436 2860 631 2901 sequentium
648 2861 679 2891 in
694 2861 776 2892 linea
791 2869 873 2893 recta
886 2862 1065 2902 positorum,

238 2903 356 2931 omissis
370 2901 438 2933 aliis
453 2902 600 2941 sphaerice
615 2903 853 2944 circumquaque
864 2905 977 2949 ppsitis.

282 2945 407 2976 Primus
426 2947 528 2976 Casus.
556 2945 624 2976 Sint
639 2946 747 2976 ordine
769 2954 884 2986 puncta
909 2948 948 2980 A.
969 2947 1006 2982 Β,
1027 2947 1063 2982 C,

239 2984 284 3020 D,
300 2985 355 3015 &c.
382 2986 517 3027 fingatur
531 2997 567 3017 ea
582 2988 685 3018 omnia
699 2987 739 3018 ad
762 2989 894 3028 aequales
908 2988 1065 3019 distantias

236 3025 270 3057 in
282 3027 350 3057 navi
366 3029 472 3066 posita,
489 3036 520 3060 et
534 3036 685 3069 punctum
706 3030 734 3060 B
750 3031 792 3060 ita
812 3031 967 3061 adhaerere
981 3031 1065 3061 malo

235 3074 271 3098 ut
285 3078 323 3099 cx
335 3069 401 3109 ejus
410 3076 509 3107 motu,
527 3071 611 3101 navis
622 3078 744 3103 motum
756 3073 900 3113 suscipiat
911 3080 941 3103 et
949 3073 1067 3113 reliqua

236 3116 351 3149 puncta
365 3118 473 3149 vcuat3
496 3113 622 3153 recipiat
646 3115 716 3145 vert}
738 3122 891 3154 punctum
910 3118 938 3146 A
956 3115 1066 3146 veloci-

683 254 1133 300 PHILOSOPHIAE
1165 257 1526 303 NATURALIS
1595 260 1953 314 [Moneouron.

1127 378 1221 403 tatem
1250 372 1371 404 finitam
1398 385 1469 415 quae
1494 382 1636 407 constans
1657 384 1780 409 maneat
1799 377 1894 408 relate
1913 376 1954 408 ad
1987 409 1998 420 ,

1127 415 1211 445 navis
1237 423 1388 455 punctum
1410 419 1442 447 in
1466 428 1529 458 quo
1554 421 1737 457 versabatur,
1763 426 1794 451 et
1818 427 1952 460 ponatur

1125 458 1225 496 primo
1236 468 1304 488 eam
1320 470 1424 489 versus
1443 460 1470 490 B
1486 460 1632 499 tendere3
1655 472 1692 492 ex
1708 472 1831 493 accessu
1845 461 1954 502 puncti

1128 501 1158 529 A
1181 509 1285 530 versus
1310 502 1338 532 B
1362 503 1406 531 vis
1430 503 1582 540 repulsiva
1606 504 1762 542 particulae
1790 506 1820 535 A
1847 505 1954 535 fortior

1126 541 1180 571 fiet
1194 542 1223 570 vi
1238 544 1389 581 repulsivfi
1411 545 1570 583 particulae
1587 546 1623 582 C,
1646 556 1741 586 quare
1755 556 1792 577 ex
1807 546 1956 577 differem·

1126 584 1169 613 tia
1197 584 1309 615 virium
1338 594 1480 616 nascetur
1507 587 1557 617 vix
1585 588 1696 618 motrix
1718 589 1875 628 particulae
1902 590 1951 627 B;

1126 626 1272 665 procedat
1293 628 1375 658 enim
1393 630 1422 658 A
1439 629 1478 659 ad
1497 630 1523 659 B
1539 631 1708 669 quantitate
1733 631 1763 661 A
1778 641 1806 668 a,
1829 632 1888 662 erit
1907 632 1953 662 vis

1126 668 1283 706 particulae
1301 670 1326 700 C
1340 670 1373 700 in
1391 671 1431 708 B,
1451 671 1490 701 ad
1507 672 1567 701 vim
1583 673 1741 711 particulae
1759 674 1788 704 A
1804 673 1837 703 in
1854 674 1894 710 B,
1916 680 1954 704 ut

1127 720 1146 740 a
1163 711 1191 740 B
1208 711 1247 740 ad
1264 712 1292 741 B
1308 712 1334 742 C
1349 712 1412 743 sive
1431 714 1458 743 A
1478 714 1506 744 B
1524 715 1612 754 (quia
1626 715 1844 754 particularum
1859 716 1952 746 inter-

1125 752 1205 782 valla
1224 754 1253 783 A
1265 754 1304 790 B,
1324 755 1352 784 B
1365 755 1390 785 C
1405 755 1493 786 initio
1508 762 1595 786 erant
1609 758 1752 798 aequalia)
1769 763 1800 789 et
1813 757 1952 788 dividen-

1125 794 1175 831 do,
1193 795 1237 824 vis
1251 796 1409 834 particulae
1427 798 1463 832 C,
1480 798 1518 828 ad
1533 798 1738 836 differentiam
1753 799 1865 830 virium
1880 811 1952 841 quae

1124 843 1170 867 est
1183 837 1228 867 vis
1242 839 1354 868 motrix
1375 839 1482 877 puncti
1508 841 1535 870 B
1551 847 1588 870 ut
1601 851 1620 871 a
1637 842 1664 872 B
1680 842 1720 872 ad
1737 843 1767 872 A
1786 843 1814 873 B
1829 860 1872 867 —
1886 853 1906 873 a
1922 843 1951 873 B

1123 881 1187 910 sive
1205 881 1234 909 A
1250 890 1277 915 a,
1295 880 1348 910 sed
1362 881 1407 911 vis
1422 881 1579 920 particulae
1598 884 1624 914 C
1639 889 1685 914 est
1698 883 1743 914 vis
1757 884 1823 923 ipsa
1834 884 1952 915 elaterii

1124 921 1155 951 in
1171 928 1251 952 statu
1270 923 1411 960 naturali,
1434 933 1471 954 ex
1492 924 1619 964 hypoth.
1668 926 1755 963 Ergo
1769 926 1951 958 viselaterii

1122 965 1168 994 est
1189 964 1228 995 ad
1251 965 1312 995 vim
1335 973 1510 996 moventem
1531 973 1682 1005 punctum
1707 968 1746 1005 B,
1775 974 1812 999 ut
1833 979 1851 998 a
1868 970 1896 1000 B
1911 969 1951 1000 ad

1125 1007 1155 1036 A
1171 1017 1198 1036 a.
1249 1008 1461 1046 Repraesentet
1473 1009 1576 1049 itaque
1595 1010 1609 1039 1
1625 1009 1661 1039 Η
1675 1015 1798 1050 tempus
1811 1021 1874 1052 quo
1887 1011 1949 1041 dis-

1122 1049 1219 1079 tantia
1238 1051 1265 1078 A
1285 1051 1314 1080 Β
1329 1057 1517 1089 punctorum
1531 1050 1724 1082 elasticorum
1739 1063 1793 1092 per
1806 1053 1951 1084 velocita-

1122 1097 1185 1121 tem
1213 1090 1318 1123 datam
1344 1092 1454 1134 puncti
1484 1094 1516 1124 A
1542 1094 1740 1133 percurritur,
1771 1095 1952 1136 dicaturque

1354 1245 1385 1277 A
1397 1239 1431 1272 Β
1473 1244 1504 1274 c
1547 1243 1586 1274 D
1621 1233 1658 1264 Ὲ

1346 1285 1367 1300 ο
1495 1294 1513 1311 .
1563 1296 1580 1313 ⁸
1617 1276 1642 1300 O

1121 1460 1201 1492 illud
1228 1468 1351 1503 tempus
1374 1475 1401 1502 a,
1429 1465 1561 1496 ducatur
1585 1464 1729 1496 deorsum
1755 1465 1797 1496 ad
1818 1464 1950 1505 angulos

1121 1510 1219 1535 rectos
1244 1506 1326 1536 linea
1349 1507 1383 1537 H
1404 1508 1433 1538 G
1456 1518 1527 1548 quae
1550 1507 1614 1538 vim
1638 1508 1794 1538 elasticam
1818 1507 1950 1547 singulae
1992 1521 1993 1525 ¹

1119 1547 1278 1585 particuiae
1300 1549 1394 1579 medii
1410 1550 1441 1579 in
1457 1557 1540 1581 statu
1554 1550 1689 1580 naturali
1702 1550 1856 1590 designet,
1872 1549 1948 1579 duc-

1119 1595 1213 1629 taque
1239 1590 1264 1620 F
1282 1591 1313 1621 G
1335 1592 1480 1629 parallela
1503 1593 1518 1623 1
1546 1593 1592 1628 Η,
1619 1592 1806 1632 asymptotis·
1822 1592 1849 1622 F
1866 1592 1897 1622 G
1918 1597 1950 1621 et

1124 1632 1155 1661 G
1174 1632 1208 1661 H
1224 1639 1254 1662 et
1269 1632 1419 1673 dignitate
1441 1634 1552 1675 aequali
1573 1645 1592 1664 a
1607 1639 1640 1671 ><
1661 1635 1696 1665 Η
1716 1634 1746 1664 G
1761 1633 1950 1664 describatur

1120 1674 1294 1713 hyperbole,
1316 1677 1454 1707 transibit
1475 1687 1530 1716 per
1550 1683 1702 1716 punctum
1726 1677 1754 1714 1,
1781 1675 1947 1718 (siquidem

1123 1716 1138 1745 Ι
1158 1716 1572 1751 F=HGetEG=I
1592 1717 1948 1759 H=a,ide6qu01F

1123 1758 1312 1794 ><FG=
1337 1760 1372 1790 H
1399 1761 1532 1801 (ἔχε)
1559 1761 1636 1792 etsi
1661 1761 1679 1791 I
1705 1761 1947 1799 Prepraesentet

1119 1806 1241 1839 tempus
1254 1811 1317 1841 quo
1332 1802 1463 1833 durante
1476 1804 1505 1833 A
1517 1802 1706 1837 motum‘est,
1722 1803 1902 1841 dicaturque
1915 1812 1944 1838 x,

1119 1841 1190 1871 dico
1213 1843 1296 1882 quod
1325 1845 1353 1874 P
1377 1845 1415 1874 M
1440 1845 1666 1884 repraesentabit
1693 1845 1758 1874 vim
1785 1843 1945 1874 matricem

1118 1884 1226 1921 puncti
1243 1885 1271 1914 B
1287 1895 1324 1915 eo
1337 1887 1483 1925 temporis
1496 1893 1661 1916 momento.
1711 1887 1782 1916 Erit
1802 1886 1885 1917 enim
1907 1896 1946 1916 ex

1119 1925 1228 1955 natura
1242 1927 1427 1966 hyperbolae,
1447 1930 1481 1959 G=
1496 1930 1526 1959 R
1541 1941 1549 1960 z
1573 1929 1603 1959 G
1622 1928 1648 1959 F
1662 1941 1707 1957 =
1727 1929 1753 1958 F
1770 1929 1786 1959 Ι
1804 1928 1856 1970 (H
1873 1928 1918 1968 G)
1933 1941 1941 1959 t

1122 1968 1154 1997 R
1170 1968 1207 1997 M
1225 1975 1256 1998 et
1270 1969 1434 2000 dividendo
1452 1972 1482 2001 G
1502 1972 1533 2001 R
1549 1971 1602 2011 (H
1622 1970 1685 2009 P):
1704 1971 1779 2006 ER
1795 1971 1830 2011 (Ι
1845 1970 1885 2010 P)
1898 1983 1943 2000 =

1121 2009 1156 2039 H
1177 2010 1207 2040 G
1223 2023 1231 2041 z
1253 2011 1282 2041 P
1299 2012 1336 2042 M
1347 2024 1357 2049 ;
1380 2013 1477 2052 spatia
1493 2012 1564 2043 vero
1580 2013 1775 2043 uniformiter
1796 2013 1947 2051 descripta

1118 2058 1191 2082 sunt
1206 2059 1241 2082 ut
1254 2059 1411 2093 tempora3
1427 2065 1503 2095 ergo
1521 2056 1549 2085 Α
1570 2056 1618 2085 B:
1635 2056 1756 2086 Aa=
1773 2056 1791 2086 1
1808 2055 1900 2086 1³:⁴1
1917 2055 1945 2084 Ρ

1120 2094 1362 2127 etdivideudoa
1379 2098 1431 2128 B:
1453 2098 1482 2128 A
1499 2108 1576 2128 a=
1595 2097 1629 2127 H
1649 2097 1700 2128 P:
1722 2099 1738 2128 1
1757 2098 1942 2133 RsedaB

1119 2136 1159 2166 ad
1177 2137 1207 2167 A
1222 2147 1242 2167 a
1261 2144 1298 2168 ut
1319 2139 1364 2168 vis
1385 2140 1500 2170 elaterii
1522 2139 1562 2170 ad
1583 2140 1645 2170 vim
1662 2140 1821 2170 matricem
1835 2139 1944 2179 puncti

1121 2179 1383 2220 B3ergoHP:
1406 2182 1422 2212 1
1443 2182 1577 2212 P=H
1597 2183 1650 2213 G:
1674 2182 1942 2224 PM=visela-

1119 2221 1186 2252 terii
1208 2222 1248 2252 ad
1269 2224 1332 2253 vim
1353 2224 1513 2254 motricem
1528 2225 1635 2264 puncti
1653 2225 1690 2260 B,
1715 2224 1770 2255 sed
1783 2225 1822 2256 H
1841 2224 1871 2255 G
1893 2234 1941 2255 re-

1117 2271 1279 2303 praesentat
1292 2266 1354 2295 vim
1369 2267 1495 2303 elaterii,
1518 2277 1591 2307 ergo
1608 2267 1636 2297 P
1649 2267 1816 2307 Mubique
1829 2276 1941 2306 reprae-

1116 2313 1216 2337 sentat
1229 2308 1292 2337 vim
1306 2309 1464 2339 motricem
1481 2309 1585 2347 puncti
1605 2310 1643 2340 B.

1160 2350 1403 2389 Repraesentabit
1423 2361 1498 2391 ergo
1519 2351 1611 2381 etiam
1633 2351 1713 2382 linea
1730 2352 1759 2382 P
1775 2351 1814 2382 M
1827 2350 1940 2381 veloci-

1115 2397 1210 2422 tatem
1237 2400 1396 2423 momento
1426 2393 1455 2423 P
1478 2393 1624 2434 genitam,
1655 2400 1686 2424 et
1709 2397 1780 2424 areb
1805 2393 1829 2432 1:
1848 2392 1939 2424 PM
1958 2396 1961 2401 '

1114 2440 1211 2464 totam
1233 2435 1422 2466 velocitatem
1437 2446 1455 2465 a
1469 2443 1585 2474 puncto
1608 2434 1637 2467 Β
1659 2435 1839 2476 acquisitam
1855 2440 1940 2465 ¹tem-

1112 2486 1188 2515 pore
1218 2477 1235 2507 1
1263 2477 1292 2508 P
1319 2478 1382 2508 sive
1402 2483 1546 2517 tempore,
1563 2487 1626 2519 quo
1649 2477 1836 2518 percurritur
1865 2477 1896 2508 A
1917 2489 1940 2509 a

1113 2529 1131 2548 a
1145 2525 1261 2558 puncto
1278 2520 1318 2550 A.
1916 2541 1920 2544 -

1158 2562 1356 2593 Describatur
1377 2561 1448 2592 vero
1471 2572 1508 2592 ex
1534 2568 1650 2601 puncto
1678 2562 1705 2592 F
1724 2561 1937 2604 lo‘garithmiqa

1112 2602 1202 2643 cujus
1222 2603 1287 2634 axis
1307 2605 1347 2635 sit
1366 2604 1448 2635 linea
1467 2605 1500 2634 H
1520 2605 1549 2635 G
1566 2603 1722 2644 producta,
1748 2605 1939 2645 subtangeus

1112 2645 1194 2676 linea
1214 2647 1330 2687 quaevis
1353 2647 1383 2677 G
1401 2647 1435 2677 X
1457 2657 1526 2687 quoe
1541 2646 1660 2680 dicatur
1673 2657 1697 2683 S,
1722 2645 1876 2686 ductaque
1896 2657 1935 2678 ex

1112 2694 1229 2727 puncto
1246 2689 1275 2720 P
1288 2688 1371 2720 linea
1387 2689 1414 2719 P
1431 2690 1460 2720 T
1478 2690 1499 2719 S
1513 2689 1583 2718 dico
1597 2688 1679 2728 quod
1695 2689 1777 2720 linea
1799 2688 1828 2719 Τ
1845 2687 1936 2720 8⁸10-

1112 2732 1306 2769 praesentabit
1319 2731 1508 2763 velocitatem
1523 2737 1660 2769 tempore
1677 2731 1693 2762 1
1713 2732 1741 2762 P
1756 2729 1934 2772 acquisita-n

1110 2779 1141 2803 et
1155 2783 1226 2804 area
1250 2774 1275 2805 F
1292 2775 1322 2806 T
1338 2775 1360 2805 S
1381 2774 1510 2814 spatium
1526 2783 1545 2802 a
1559 2780 1674 2811 puncto
1691 2774 1720 2804 B
1736 2772 1931 2812 descriptum.

1153 2815 1212 2845 Est
1226 2816 1309 2847 enim
1326 2819 1394 2859 (per
1407 2822 1469 2847 nat.
1488 2815 1647 2855 lugarith.)
1670 2826 1740 2847 area.
1756 2816 1773 2847 1
1791 2816 1818 2847 F
1835 2815 1932 2854 Ru,

1109 2856 1149 2887 ad
1174 2855 1432 2890 rect.1‘FGH
1459 2865 1495 2889 ut
1527 2858 1596 2888 Rs
1621 2858 1660 2888 ad
1687 2859 1970 2896 GX,etrect.'

1111 2899 1418 2932 IFGHadrect.
1440 2900 1933 2931 IFltl'utFGadFRut

1112 2942 1142 2972 G
1161 2943 1192 2972 X
1209 2943 1247 2974 ad
1267 2945 1297 2974 R
1313 2944 1352 2981 T,
1377 2942 1505 2983 ideoque
1519 2953 1556 2972 ex
1579 2953 1667 2983 aequo
1682 2953 1752 2975 area
1768 2943 1784 2973 1
1803 2942 1830 2973 F
1847 2942 1877 2973 R.
1894 2942 1933 2972 M

1108 2983 1146 3013 ad
1161 2992 1232 3016 rect.
1254 2987 1269 3016 1
1290 2986 1316 3017 F
1333 2987 1364 3017 R
1383 2986 1409 3016 P
1424 2992 1458 3015 ut
1478 2986 1506 3016 R
1522 2987 1542 3015 S
1558 2986 1595 3016 ad
1616 2987 1645 3017 R
1657 2986 1695 3022 T,
1711 2992 1742 3016 et
1755 2984 1929 3021 dividendo,

1107 3033 1153 3057 est
1176 3027 1352 3059 IPMad
1377 3027 1932 3067 IFltPnt'1*SadR'l';ergo

1109 3080 1179 3100 arca
1196 3071 1211 3101 1
1226 3071 1253 3102 P
1266 3071 1303 3103 M
1317 3077 1363 3102 est
1377 3070 1416 3101 nd
1429 3071 1458 3101 T
1472 3071 1493 3100 S
1505 3072 1537 3101 in
1548 3071 1664 3102 ratione
1674 3069 1753 3106 dati,
1769 3071 1810 3101 ob
1823 3068 1931 3100 datum

1115 3112 1143 3143 P
1162 3112 1192 3142 R
1208 3121 1239 3144 et
1260 3114 1408 3145 rationem
1433 3113 1458 3143 F
1477 3115 1507 3144 R
1522 3113 1561 3145 ad
1580 3115 1610 3145 R
1627 3114 1657 3144 T
1670 3113 1782 3150 datam,
1805 3117 1842 3143 ut
1859 3115 1933 3151 pute
