2066 3548
1559 266 1700 318 [Mo'r.
1716 266 1917 308 Conron.

206 279 287 315 140
637 266 1087 333 PHILOSOPHIAE
1121 264 1480 308 NATURALIS

208 396 525 466 argumentoiest
809 404 1029 470 aequale‘B
1049 403 1090 453 b,
1112 403 1187 444 &c.
1235 403 1280 458 (⁸)
1304 403 1410 444 Sunt
1429 410 1566 444 autem
1587 403 1628 445 A
1647 418 1684 454 a,
1708 403 1746 445 B
1765 397 1806 454 b,
1825 404 1861 445 C
1876 418 1913 455 c,

549 380 788 423 B1><ui

675 448 711 488 B

204 525 280 567 acc.
315 520 508 565 continue
539 519 883 575 proportionales,
917 526 959 560 et
987 524 1210 572 propterea
1238 517 1478 559 differentiis
1514 517 1598 558 suis
1629 517 1715 564 Aa
1734 543 1791 550 —-
1812 519 1850 560 Β
1869 519 1911 568 b,

205 593 244 636 B
262 594 292 636 b
311 618 370 626 -—
391 593 427 634 C
448 606 484 641 c,
506 591 581 632 δίο.
602 589 932 645 proportionales
944 604 956 638 3
986 587 1163 642 ideoque
1182 586 1421 629 differentiis
1450 587 1563 629 hisce
1590 588 1915 643 proportionalia.

170 680 171 683 ’
203 674 299 708 sunt
317 662 554 720 rectangula
574 670 593 703 t
610 677 652 717 p,
670 677 699 703 u
720 677 759 717 q,
782 662 857 703 δίο.
879 669 925 703 ut
944 667 987 702 et
1006 659 1177 701 summis
1197 659 1524 703 differentiarum
1556 661 1597 703 A
1617 676 1642 702 a
1660 685 1718 694 —
1739 660 1776 702 C
1796 676 1820 702 c
1847 660 1913 703 vel

203 737 245 778 A
265 751 289 777 a
308 735 423 777 —D
443 734 473 775 d
503 746 674 774 summae
699 746 789 773 rec-

208 806 475 863 tangulorum
495 813 513 847 t
532 820 560 860 p
585 811 627 854 ÷
649 819 675 846 u
698 802 802 860 qvel

203 884 519 934 tp÷uq÷wr.
543 877 675 918 Sunto
690 876 796 930 ejus·
868 869 899 901 F

210 948 326 990 modi
356 948 520 989 termini
550 946 673 1003 quam
705 946 782 1001 plu
871 970 898 1002 13

204 1021 312 1071 rimi,
349 1029 391 1062 et
420 1034 579 1061 summa
608 1019 795 1060 omnium

205 1091 543 1140 differentiarum,
575 1098 678 1144 puta
708 1089 749 1130 A
769 1104 794 1130 a

203 1188 261 1195 —
282 1163 319 1204 F
335 1162 364 1213 f,
401 1162 476 1203 erit
505 1175 677 1202 summae
696 1174 786 1201 om-
870 1177 899 1206 Β

202 1234 320 1276 nium
331 1233 676 1289 rectangulorum,
685 1239 788 1286 puta

201 1319 224 1345 z
258 1312 276 1346 t
308 1304 338 1346 h
371 1319 413 1355 n,
453 1302 786 1358 proportionalis.

203 1374 420 1430 Augeatur
430 1386 626 1413 numerus
646 1371 786 1412 termi-

200 1458 351 1486 norum
381 1450 421 1484 et
446 1442 684 1483 minuantur
706 1443 789 1484 dis-
896 1452 917 1482 s

202 1515 342 1557 tantiae
370 1522 620 1570 punctorum
650 1514 704 1565 A,
735 1514 786 1565 B,

203 1585 253 1636 C,
276 1586 350 1627 &c.
367 1585 409 1626 in
430 1584 649 1634 infinitum,
674 1585 718 1640 (t)
736 1592 777 1626 et
790 1585 1030 1643 rectangula
1040 1585 1112 1627 illa
1124 1585 1302 1628 evadent
1315 1585 1490 1642 aequalia
1504 1601 1611 1629 areae
1625 1587 1906 1644 hyperbolicae

201 1671 224 1698 z
252 1666 270 1698 t
297 1656 327 1697 h
356 1671 398 1707 n,
434 1656 610 1712 ideoque
643 1655 740 1697 huic
771 1671 878 1698 areae
911 1657 1231 1712 proportionalis
1263 1665 1331 1714 est
1358 1657 1587 1700 differentia
1622 1659 1664 1701 A
1692 1675 1717 1700 a
1735 1684 1793 1692 —
1814 1660 1850 1702 F
1876 1660 1908 1704 f.

202 1727 253 1783 (¹¹)
278 1727 503 1769 Sumantur
524 1728 612 1782 jam
642 1727 847 1768 distantiae
876 1728 1082 1783 quaelibet,
1113 1735 1214 1783 puta
1246 1729 1276 1771 S
1297 1731 1351 1779 A,
1376 1729 1406 1770 S
1426 1729 1484 1780 D,
1510 1730 1539 1771 S
1563 1729 1610 1781 F,
1641 1730 1685 1771 in
1711 1745 1906 1788 progres-

201 1799 318 1840 sione
346 1797 516 1848 musica,
555 1806 597 1839 et
625 1798 868 1840 differentiae
889 1799 929 1839 A
950 1813 975 1839 a
989 1823 1046 1830 —
1063 1799 1108 1840 D
1129 1799 1170 1849 d,
1193 1799 1238 1841 D
1258 1798 1287 1839 d
1306 1824 1364 1831 —
1385 1799 1421 1841 F
1439 1799 1462 1840 f
1484 1808 1605 1841 erunt
1632 1800 1809 1856 aequales
1821 1817 1833 1850 ;
1864 1810 1906 1844 et

199 1877 420 1927 propterea
453 1869 692 1910 differentiis
721 1869 833 1910 his‘ce
862 1869 1191 1924 proportionales
1222 1884 1329 1911 areae
1357 1878 1375 1911 t
1393 1870 1423 1911 h
1442 1870 1458 1910 l
1478 1885 1520 1921 x,
1551 1885 1581 1912 x
1601 1871 1616 1912 l
1635 1887 1663 1913 n
1683 1887 1706 1913 z
1725 1873 1905 1928 aequales

200 1949 321 1983 erunt
340 1942 446 1983 inter
466 1957 522 1992 se,
544 1949 586 1983 et
605 1941 825 1983 densitates
850 1942 880 1983 S
901 1949 930 1992 t,
957 1942 1041 1992 Sx,
1067 1942 1096 1984 S
1115 1956 1151 1992 z,
1173 1941 1216 1982 id
1236 1949 1311 1992 est,
1334 1943 1376 1983 A
1391 1942 1453 1993 H,
1471 1943 1516 1985 D
1533 1943 1584 1994 L,
1603 1943 1638 1985 F
1656 1943 1711 1995 N,
1735 1945 1788 2000 (¹)
1804 1960 1904 1988 con-

200 2013 314 2056 tinue
333 2013 673 2069 proportionales.
736 2012 790 2062 Q.
808 2027 843 2054 e.
865 2012 906 2054 d.

261 2088 390 2128 Corol.
453 2085 570 2126 Hinc
590 2085 625 2125 si
644 2083 794 2125 dentur
812 2083 930 2124 fluidi
949 2082 1170 2124 densitates
1191 2082 1286 2124 duae
1307 2084 1473 2139 quaevis,
1490 2093 1591 2139 puta
1611 2086 1652 2127 A
1675 2085 1724 2127 H
1743 2094 1784 2128 et
1805 2086 1843 2130 B
1864 2087 1901 2140 I,

201 2156 366 2198 dabitur
386 2170 481 2196 area
499 2162 517 2195 t
535 2154 566 2195 h
585 2154 655 2204 iu,
676 2154 826 2195 harum
846 2153 1089 2195 differentiae
1105 2161 1122 2194 t
1142 2168 1169 2194 u
1189 2154 1465 2208 respondens3
1496 2164 1538 2196 et
1555 2156 1653 2198 inde
1672 2157 1903 2200 invenietur
1947 2159 1952 2164 ”

203 2228 381 2269 densitas
412 2226 449 2268 F
469 2225 524 2276 N,
556 2226 599 2266 in
629 2225 842 2267 altitudine
864 2223 1108 2280 quacunque
1141 2224 1170 2266 S
1193 2224 1240 2274 F,
1278 2225 1478 2267 sumendo
1507 2241 1643 2269 aream
1665 2235 1683 2270 t
1701 2227 1730 2269 h
1748 2242 1777 2270 n
1798 2244 1820 2270 z
1849 2229 1903 2271 ad

203 2312 340 2339 aream
359 2297 472 2338 illam
492 2296 631 2338 datam
650 2295 708 2338 th
728 2296 783 2338 iu
803 2303 850 2338 ut
869 2302 931 2337 est
952 2294 1181 2336 differentia
1202 2295 1242 2337 A
1255 2310 1280 2337 a
1298 2320 1356 2328 —
1377 2296 1412 2339 F
1431 2295 1455 2338 f
1477 2299 1528 2353 (5)
1549 2299 1603 2340 ad
1631 2299 1903 2343 differentiam

203 2369 483 2414 Aa—Bb.

246 2482 288 2525 (”)
305 2484 384 2514 Sum
406 2485 506 2511 autem
529 2479 560 2509 A
575 2489 604 2515 a,
628 2480 659 2508 B
673 2479 698 2513 b,
725 2480 788 2515 Cc,
812 2478 867 2519 ‹gc-
893 2475 1035 2508 continu&
1121 2475 1168 2518 (y)
1197 2479 1266 2508 176.
1300 2480 1317 2497 *⁸
1345 2479 1398 2508 Ad
1425 2479 1626 2522 differentiam
1653 2481 1684 2510 A
1705 2491 1725 2511 α
1746 2497 1791 2505 —·
1815 2483 1849 2513 B
1871 2483 1900 2513 b.

197 2524 444 2566 proportionales.
460 2542 461 2545 =
493 2522 577 2552 Nam
604 2522 673 2561 (per
698 2519 803 2560 Hyp.)
834 2520 855 2550 S
880 2520 921 2556 A,
948 2519 970 2549 S
993 2519 1034 2555 B,
1081 2518 1239 2555 Quoniam
1260 2518 1332 2550 vero
1346 2530 1416 2551 area
1430 2527 1443 2550 t
1457 2523 1476 2551 h
1492 2521 1503 2550 i
1518 2532 1539 2551 ιι
1555 2528 1600 2551 est
1613 2521 1652 2552 ad
1666 2532 1768 2553 aream
1788 2530 1801 2554 t
1814 2525 1835 2554 h
1850 2534 1872 2554 n
1886 2534 1903 2554 z

205 2569 228 2599 S
240 2569 266 2599 C
281 2572 354 2598 sunt
367 2563 513 2596 continue
527 2562 774 2603 proportionales,
791 2569 821 2592 et
834 2564 902 2603 (per
915 2561 1027 2591 Theor-

205 2610 268 2641 IV.
294 2609 332 2640 de
359 2607 467 2647 Hyp.)
492 2607 522 2637 A
538 2616 566 2642 a,
592 2606 621 2635 B
643 2606 673 2643 b,
703 2605 729 2635 C
744 2614 761 2634 c
784 2611 857 2635 sunt
879 2602 1031 2642 reciproce

203 2659 240 2683 ut
257 2653 279 2683 S
297 2654 337 2689 A,
357 2651 378 2681 S
395 2650 434 2687 Β,
454 2649 475 2680 S
494 2649 531 2686 C,
546 2647 676 2688 ide6que
697 2646 789 2678 etiam
804 2645 949 2677 continue
963 2655 1031 2685 pro-

204 2693 397 2734 portionales.

247 2737 290 2780 (ί)
308 2739 324 2756 ”
342 2737 388 2767 Et
401 2734 580 2774 rectangula
594 2734 723 2764 evadent
738 2733 867 2772 aequalia
882 2741 962 2762 areoe
975 2733 1030 2771 hy-

199 2782 356 2821 perbolicae
369 2789 387 2810 z
402 2783 415 2810 t
429 2779 448 2809 Ιι
463 2788 486 2808 π
512 2798 522 2814 ,
546 2785 600 2815 per
615 2774 747 2806 Lemma
764 2773 834 2804 111.
854 2773 924 2804 Lib.
946 2773 974 2803 1.

247 2832 293 2873 (¹¹)
311 2834 328 2851 *
346 2835 519 2862 Sumuntur
523 2829 595 2869 jam
616 2826 766 2858 distantiae
780 2825 933 2866 quaelibet,
955 2831 1031 2864 puta

207 2874 228 2904 S
243 2876 284 2911 A,
303 2873 324 2904 S
337 2874 381 2910 D,
400 2873 421 2903 S
434 2873 459 2903 F
473 2872 506 2902 in
517 2869 727 2911 progressione
741 2866 869 2905 musica,
885 2874 915 2898 et
926 2878 1033 2898 earum

203 2916 365 2956 reciprocae
392 2917 421 2945 A
437 2925 465 2951 a,
484 2914 517 2945 D
529 2913 560 2951 d,
588 2912 614 2943 F
628 2911 646 2942 f
656 2917 748 2960 erunt
767 2911 801 2942 in
822 2910 1032 2951 progressione

203 2957 407 3031 gizrmetilssa}
428 2954 560 3028 idet'nllue
583 2954 763 2986 differentia
788 2954 820 2985 A
840 2964 860 2986 a
879 2970 922 2979 —
945 2953 979 2984 D
1000 2951 1029 2989 d.

290 3018 332 3025 —
417 3009 506 3040 aequa
519 3009 559 3029 es.

246 3041 295 3059 lxx

243 3066 260 3084 x
282 3061 295 3083 Ι

204 3083 252 3124 1.)

327 3044 344 3063 Ψ
379 3040 526 3074 Οοηείηιιὲ
549 3041 797 3082 proportionales.
837 3039 925 3081 (379.
959 3037 1030 3070 Lib.

1074 2568 1110 2591 ut
1131 2561 1334 2602 logarithmus
1355 2563 1445 2593 lineae
1468 2563 1489 2593 S
1503 2570 1517 2593 t
1532 2564 1579 2593 vel
1597 2564 1627 2594 A
1647 2565 1680 2594 H
1703 2564 1743 2595 ad
1758 2565 1903 2606 logan-ith-

1074 2614 1161 2634 mum
1183 2604 1274 2634 lineae
1297 2605 1319 2635 S
1332 2615 1348 2634 z
1369 2615 1423 2635 seu
1447 2605 1473 2635 F
1489 2606 1519 2636 N
1538 2609 1616 2648 (379
1630 2613 1660 2637 et
1674 2611 1738 2638 380
1755 2607 1823 2639 Lib.
1844 2608 1903 2650 1.)‚

1074 2646 1207 2677 densitas
1224 2646 1251 2677 F
1264 2647 1296 2677 N
1310 2657 1365 2686 per
1375 2647 1494 2678 tabulas
1508 2648 1763 2688 logarithmorum
1773 2650 1904 2682 inveniri

1073 2689 1193 2728 poterit.
1241 2689 1286 2720 Et
1300 2689 1364 2720 vice
1378 2688 1474 2725 versa,
1498 2690 1570 2721 data
1584 2691 1733 2724 densitate
1758 2691 1786 2724 F
1800 2693 1834 2724 N
1853 2693 1903 2725 in-

1073 2731 1213 2762 venietur
1233 2731 1364 2763 altitudo
1387 2732 1409 2762 S
1429 2733 1471 2763 F:
1497 2743 1570 2764 nam
1585 2744 1639 2773 per
1656 2734 1748 2775 Prop.
1766 2736 1904 2776 superio-

1073 2783 1138 2804 rem
1163 2773 1286 2805 dabitur
1309 2774 1339 2805 A
1354 2785 1373 2805 a
1386 2791 1430 2800 —
1447 2774 1474 2806 F
1494 2775 1518 2812 f,
1542 2782 1572 2807 et
1592 2776 1665 2808 inde
1685 2777 1808 2809 dabitur
1830 2778 1858 2810 F
1877 2779 1902 2817 f,

1149 2819 1151 2821 “
1504 2819 1525 2847 S
1541 2819 1570 2848 A
1585 2824 1617 2856 ><
1633 2820 1663 2850 A
1673 2830 1692 2850 a

1568 2872 1594 2902 F
1609 2871 1627 2901 f

1076 2911 1138 2941 IV.
1156 2910 1196 2942 de
1212 2911 1298 2952 Hyp.
1305 2914 1327 2951 ).
1377 2911 1460 2948 Quia
1475 2912 1546 2944 νει-ὂ
1560 2913 1647 2944 fluidi
1658 2914 1829 2951 elastieim,
1841 2923 1903 2947 cn-

1074 2954 1147 2984 teris
1162 2954 1292 2993 paribus,
1315 2954 1345 2985 vi
1365 2955 1589 2994 comprimenti,
1611 2955 1743 2998 ideoque
1762 2955 1905 2994 densitati

1077 2997 1147 3037 (per
1163 2997 1270 3038 Hyp.)
1285 2996 1519 3038 proportionalis
1531 3005 1586 3036 est,
1601 3005 1685 3039 patet
1697 3009 1752 3040 per
1766 2998 1824 3031 hoc
1841 3000 1903 3032 Co-

1075 3038 1238 3070 tonarium
1259 3048 1298 3070 ex
1323 3038 1402 3071 datis
1425 3039 1641 3075 altitudinibus
1667 3041 1798 3075 inveniri
1817 3051 1906 3083 ponte

1079 3080 1279 3120 elasticitatec,
1295 3087 1327 3114 et
1340 3081 1406 3114 vice
1419 3083 1514 3115 versa.

1074 2841 1159 2872 unde
1173 2841 1346 2874 invenietur
1362 2842 1389 2874 F
1405 2843 1427 2874 S
1441 2855 1486 2873 =
1706 2846 1777 2888 (per
1788 2845 1900 2878 Theot-
