2066 3548
208 239 263 274 40

267 347 400 389 Corol.
418 351 457 389 5.
490 346 547 390 Et
567 346 654 389 vice
675 346 805 397 versz‘i,
828 348 862 389 si
881 347 1002 388 datur

204 419 421 474 proportio
468 418 712 460 resistentiae
765 418 819 459 ad
865 418 1004 459 datam

204 489 388 547 quamvis
399 490 483 532 vim
495 489 654 544 centrip
661 497 787 538 etam3
805 490 862 544 (†)
880 489 1002 530 datur

204 569 368 616 tempus
391 562 433 604 A
447 561 498 611 C,
520 575 604 617 quo
617 561 679 602 vis
692 561 919 615 centripeta
938 575 1003 601 re-

207 632 402 675 sistentiae
436 631 606 688 aequalis
636 646 836 688 generare
874 631 1004 686 possit

205 704 464 746 velocitatem
484 703 668 759 quamvis
691 703 728 743 A
754 702 815 744 B:
847 711 888 744 et
908 702 1004 743 inde

206 775 329 817 datur
348 782 550 830 punctum
572 774 610 815 B
625 787 700 832 per
719 773 830 828 quod
851 774 1003 829 hyper-

206 846 303 888 bola
317 845 558 902 asymptotis
582 845 618 886 C
633 844 697 895 H,
721 845 758 887 C
771 845 828 895 D,
851 844 1004 886 descri-

203 919 247 960 bi
259 919 399 967 debet3
429 918 480 973 (q)
496 926 543 959 ut
555 925 596 959 et
608 917 785 972 spatium
795 918 835 959 A
845 917 882 958 B
892 918 934 959 G
944 918 1003 967 D,

206 988 319 1046 quod
364 1004 513 1044 eorpus
561 987 798 1043 incipiendo
845 997 1015 1044 motumx

206 1076 328 1102 suum
373 1075 469 1102 cum
516 1059 731 1101 velocitate
768 1058 839 1100 illa
879 1059 921 1101 A
952 1059 1003 1110 B,

202 1348 280 1379 quas
302 1337 376 1368 dato
396 1342 535 1377 tempore
555 1336 731 1376 producunt
753 1337 820 1379 (13.
840 1336 911 1367 Lib.
931 1335 979 1376 Ι.)
1001 1341 1033 1367 et

202 1379 274 1411 ideo
294 1381 352 1411 erit
371 1379 543 1410 resistentia
563 1379 664 1418 prima
683 1379 724 1409 ad
737 1378 917 1419 gravitatem
931 1384 968 1409 ut
980 1389 1033 1409 ve-

202 1423 310 1453 locitas
334 1431 428 1461 quam
449 1421 590 1460 producit
610 1421 656 1451 vis
681 1421 848 1460 centripeta
870 1420 1034 1451 uniformis

202 1464 255 1495 cui
268 1464 438 1494 resistentia
451 1462 506 1493 illa
519 1463 646 1503 aequalis
658 1463 789 1502 supponi
804 1469 911 1502 potest,
927 1462 967 1493 ad
982 1472 1033 1492 ve-

202 1507 360 1537 locitatem
388 1515 483 1547 quam
510 1505 556 1536 vis
579 1505 735 1546 gravitatis
763 1505 873 1536 eodem
897 1511 1034 1544 tempore

202 1555 339 1590 generat.

246 1591 298 1633 (Τ)
314 1593 421 1623 Datur
429 1595 546 1630 tempus
556 1591 587 1621 A
598 1591 625 1622 C
632 1601 689 1631 quo
698 1590 740 1621 vis
749 1590 919 1621 ressstemiae
928 1600 1033 1630 σφω-

201 1635 238 1665 lis
249 1644 395 1673 generare
403 1634 493 1672 possit
507 1633 688 1664 velocitatem
704 1633 735 1662 A
750 1634 791 1662 B.
833 1631 865 1662 Si
880 1631 964 1661 enim
979 1630 1033 1661 de-

202 1682 255 1706 tur
268 1675 314 1705 vis
327 1674 470 1715 quaedam
484 1675 660 1713 centripeta,
682 1673 805 1704 dabitur
825 1679 948 1713 tempus
969 1683 1033 1714 quo

203 1717 395 1749 velocitatem
427 1717 458 1747 A
487 1717 515 1747 B
548 1726 694 1756 generare
725 1721 845 1754 potest:
891 1721 1030 1754 tempora

202 1766 307 1790 autem
328 1755 440 1799 quibus
458 1758 585 1789 diversae
606 1758 684 1788 vires
704 1758 879 1797 centripetae
893 1757 1032 1789 eamdem

202 1802 395 1832 velocitatem
422 1810 569 1841 generare
597 1805 736 1839 possunt,
761 1806 835 1830 sunt
858 1798 977 1830 inverse
997 1807 1033 1831 ut

202 1844 267 1874 illae
280 1844 377 1881 vires3
401 1853 475 1884 ergo
489 1843 515 1873 si
530 1842 621 1873 datur
639 1842 717 1872 ratio
731 1841 776 1872 vis
790 1841 966 1881 centripetae
980 1843 1032 1873 cui

203 1885 373 1917 resistentia
393 1891 439 1915 est
459 1884 585 1925 aequalis
599 1884 638 1915 ad
652 1884 743 1914 aliam
758 1884 822 1914 vim
842 1884 953 1919 datam,
977 1884 1032 1915 da-

204 1928 287 1960 bitur
311 1927 389 1957 ratio
417 1926 563 1966 temporis
591 1936 654 1967 quo
682 1927 748 1956 haec
770 1926 815 1957 vis
840 1926 1031 1957 velocitatem

206 1971 239 2001 A
256 1971 285 2001 B
300 1979 445 2010 generare
458 1974 558 2008 potest
571 1968 611 1999 ad
624 1974 747 2007 tempus
760 1978 823 2008 quo
841 1968 887 1998 vis
909 1968 960 1998 cui
985 1979 1033 1999 re-

204 2011 342 2043 sistentia
365 2017 411 2042 est
436 2011 563 2051 aequalis
583 2020 651 2041 eam
672 2010 868 2041 *velocitatem
896 2017 1032 2052 generat,

204 2055 264 2085 hoc
278 2061 324 2084 est
337 2053 430 2084 datur
442 2059 565 2092 tempus
586 2053 617 2083 A
637 2053 672 2083 C.

247 2096 293 2138 (⁸¹)
321 2098 338 2116 ³¹⁵
374 2098 415 2127 Ut
433 2101 461 2126 et
482 2098 614 2135 ,matium
636 2096 667 2124 A
682 2097 713 2125 Β
731 2095 759 2126 G
773 2096 820 2126 D.
868 2094 931 2125 His
950 2094 1035 2125 enim

206 2138 294 2174 datis,
311 2138 402 2169 datur
415 2136 483 2168 turn
498 2147 568 2168 area
584 2139 616 2167 A
633 2137 662 2167 Β
681 2137 710 2167 G
729 2137 772 2174 D,
788 2135 857 2167 tum
871 2142 1034 2178 rectangu-

205 2181 273 2211 lum
299 2181 330 2211 A
348 2181 377 2210 Β
394 2183 427 2216 ><
444 2180 475 2209 A
500 2180 542 2215 D,
569 2178 639 2209 tum
661 2178 794 2217 spatium
819 2177 904 2218 quod
924 2189 1034 2217 corpus

205 2230 342 2261 ternpore
356 2223 386 2252 A
401 2222 444 2258 D,
457 2231 529 2252 cum
540 2220 612 2252 data
621 2220 781 2251 velocitate
791 2220 937 2251 uniformi
952 2222 982 2251 A
992 2221 1032 2256 Β,

205 2264 388 2295 describeret
401 2263 433 2293 in
447 2262 551 2294 medio
565 2272 626 2293 non
638 2262 805 2296 resistente.
821 2261 951 2303 ideoque
962 2273 1034 2293 cum

206 2307 245 2337 sit
272 2305 516 2343 AB><AD‚
540 2305 580 2336 ad
607 2305 637 2335 A
662 2305 690 2335 B
717 2305 747 2335 G
771 2305 815 2341 D,
842 2311 879 2335 ut
900 2305 1034 2343 spatium

207 2356 345 2388 tempore
361 2349 393 2378 A
415 2348 444 2378 D
466 2354 497 2378 et
510 2347 668 2378 velocitate
697 2347 727 2376 A
745 2347 772 2376 B
788 2347 822 2376 in
846 2347 950 2377 medio
971 2357 1035 2376 non

207 2391 364 2422 resistente
378 2389 563 2429 descriptum
579 2389 619 2419 ad
633 2388 765 2428 spatium
777 2390 885 2419 eodem
899 2395 1036 2428 tempore

208 2433 395 2472 descriptum
419 2432 453 2462 in
477 2431 581 2462 medio
609 2431 766 2461 resistente
796 2432 865 2472 (per
891 2431 960 2462 Cor.
986 2431 1035 2470 2.)

208 2476 265 2506 hoc
280 2475 414 2514 spatium
428 2473 559 2505 dabitur.

251 2521 302 2548 81.
327 2518 486 2549 Scholium.
526 2516 634 2557 Hujus
653 2515 867 2554 propositionis
881 2520 1037 2545 construc-

209 2560 253 2590 tio
267 2559 306 2590 ad
321 2558 566 2600 logaritlmiicam
579 2557 684 2589 reduci
699 2556 789 2587 facile
804 2562 914 2596 posset,
938 2557 992 2587 sed
1006 2557 1039 2587 id

209 2601 413 2641 relinquimus
437 2600 557 2631 lectoris
582 2600 715 2635 arbitrio,
740 2599 891 2639 generalis
918 2598 1038 2638 proble-

214 2643 306 2674 matis
319 2644 402 2682 quod
416 2643 563 2683 sequitur,
579 2641 764 2672 solutionem
779 2641 962 2680 analyticam
977 2648 1039 2672 tra-

211 2685 306 2716 dituri
320 2691 356 2715 ut
369 2685 554 2716 inventionis
567 2684 637 2715 fons
651 2684 715 2724 ipse
729 2683 891 2723 aperiatur.

487 2801 767 2833 PROBLEMA.

259 2888 309 2915 82.
338 2884 478 2915 Definire
504 2892 624 2916 motum
649 2885 782 2925 corporis
806 2884 869 2915 solii
895 2884 924 2914 vi
953 2883 1043 2915 insitfi

212 2927 268 2958 lati
290 2928 323 2957 in
339 2926 441 2956 medio
455 2927 539 2966 quod
554 2928 664 2959 resistit
684 2927 717 2958 in
738 2923 855 2958 ratione
877 2926 1043 2966 composita

213 2979 251 3000 ex
267 2969 397 3008 simplici
412 2968 530 2998 ratione
545 2969 702 3000 densitatis
715 2969 818 3007 medii,
835 2976 865 3001 et
879 2969 986 3011 quavis
996 2979 1043 3000 ra-

213 3014 297 3043 tione
312 3010 515 3050 multiplicata
532 3012 693 3043 celeritatis
707 3012 837 3045 mobilis.

635 229 1083 277 PHILOSOPHIAE
1105 230 1464 274 NATURALIS
1531 229 1678 282 [Mor.
1701 229 1899 275 Gomon.

1118 1056 1149 1091 C
1386 1057 1520 1093 AKI.
1537 1057 1588 1092 M.

203 1142 390 1187 tempore
438 1131 582 1187 quovis
632 1130 673 1171 A
712 1131 771 1181 D,
821 1131 865 1172 in
903 1131 1041 1172 medio
1090 1131 1259 1173 similari
1297 1131 1510 1173 resistente
1547 1130 1780 1172 describere
1828 1142 1902 1183 po-

204 1212 294 1247 test.

1637 1057 1675 1093 Τ

1118 1336 1149 1367 Ε
1174 1335 1244 1368 loco
1267 1336 1299 1367 A
1321 1335 1495 1377 egrediatur
1517 1345 1629 1374 corpus
1652 1344 1726 1365 cum
1746 1332 1904 1364 velocitate

1074 1378 1146 1409 data
1160 1389 1177 1409 c
1191 1384 1222 1409 et
1236 1385 1374 1418 tempore
1387 1384 1401 1408 t
1415 1378 1563 1408 describat
1576 1383 1690 1407 rectam
1715 1377 1745 1406 A
1761 1375 1801 1405 M
1816 1388 1862 1404 =
1877 1383 1902 1412 ο,

1075 1421 1175 1460 sitque
1186 1422 1253 1461 ejus
1267 1421 1410 1451 velocitas
1423 1420 1457 1450 in
1474 1420 1511 1450 M
1525 1432 1572 1449 =
1587 1429 1605 1448 v
1619 1418 1752 1449 densitas
1762 1417 1857 1447 medii
1870 1417 1904 1447 in

1075 1463 1183 1494 eodem
1196 1463 1265 1493 loco
1274 1476 1321 1492 =
1335 1464 1368 1500 k,
1384 1468 1415 1493 et
1428 1462 1598 1493 resistentia
1610 1471 1626 1490 r
1639 1461 1697 1492 erit
1717 1459 1803 1502 (17.)
1825 1468 1841 1488 r
1853 1459 1876 1489 d
1889 1469 1906 1489 s

1075 1543 1121 1560 =
1141 1547 1186 1556 —
1205 1540 1225 1561 v
1246 1530 1268 1561 d
1288 1540 1317 1562 v.
1365 1529 1506 1561 Ponatur
1526 1528 1695 1560 resistentia
1714 1537 1790 1575 r-=
1805 1501 1906 1583 1ἕνῃ-’,ιζ

1075 1624 1173 1665 sitque
1195 1635 1215 1655 a
1236 1623 1390 1666 quantitas
1412 1623 1492 1661 data,
1516 1629 1548 1654 et
1569 1621 1729 1654 habebitur
1749 1595 1772 1626 k
1788 1595 1875 1678 vannd
1888 1604 1906 1624 ⁸

1073 1692 1288 1731 =—vdv‚
1304 1689 1901 1723 ethinckds=—2⁸v¹-¹·dv.

1076 1737 1138 1767 Per
1150 1741 1305 1775 punctum
1320 1736 1370 1772 M,
1386 1734 1521 1775 erigatur
1534 1734 1574 1764 ad
1591 1735 1623 1764 A
1636 1734 1686 1771 M,
1701 1731 1905 1772 perpendicu-

1074 1778 1141 1809 lum
1158 1779 1196 1809 M
1214 1779 1243 1809 P
1257 1777 1341 1819 quod
1356 1782 1489 1817 exponat
1508 1776 1604 1807 medii
1625 1775 1807 1807 densitatem
1826 1774 1850 1804 k
1870 1772 1905 1804 in

1091 2327 1138 2363 A
1385 2325 1501 2359 Mm
1825 2327 1863 2362 B

1078 2434 1148 2465 loco
1169 2434 1217 2468 Μ,
1240 2433 1339 2473 sitque
1355 2433 1388 2464 D
1407 2432 1435 2463 P
1448 2442 1469 2471 p
1483 2441 1576 2463 curva
1588 2442 1682 2473 quam
1703 2438 1854 2472 punctum
1878 2432 1907 2463 P

1079 2474 1228 2515 perpetuo
1250 2476 1362 2515 tangit,
1386 2481 1417 2505 et
1441 2481 1541 2504 erecto
1563 2475 1660 2505 altero
1686 2473 1908 2514 perpendiculo

1080 2528 1112 2548 m
1128 2528 1148 2557 p
1162 2517 1255 2557 priori
1279 2518 1316 2548 M
1335 2517 1363 2547 P
1383 2516 1503 2548 infinite
1523 2516 1696 2557 propinquo
1709 2522 1746 2547 ut
1759 2517 1799 2547 sit
1821 2516 1858 2546 M
1872 2525 1907 2546 m

1080 2573 1126 2590 =
1141 2560 1162 2591 d
1177 2570 1200 2595 s,
1227 2559 1284 2590 erit
1306 2560 1495 2590 elementum
1519 2560 1557 2589 M
1581 2560 1606 2590 P
1619 2569 1641 2599 p
1654 2569 1687 2588 m
1700 2571 1746 2588 =
1761 2558 1783 2588 k
1797 2558 1818 2589 d
1832 2568 1847 2588 s
1860 2570 1906 2587 =

1080 2620 1124 2627 -—
1137 2613 1156 2633 a
1172 2602 1187 2617 ‘¹
1204 2613 1222 2632 v
1237 2604 1247 2621 ¹
1260 2614 1299 2619 —
1314 2602 1329 2616 ¹¹
1344 2601 1365 2631 d
1387 2612 1415 2638 v,
1443 2601 1633 2641 sumptisque
1647 2600 1823 2637 fluentibus,
1839 2609 1909 2630 area

1085 2671 1115 2700 A
1133 2644 1609 2702 DPM=——Q-a³v2
1548 2644 1612 2659 ‘¹⁸

1418 2700 1437 2724 2
1451 2712 1494 2719 —
1508 2705 1530 2724 n

1083 2744 1227 2769 nescente
1241 2737 1311 2769 area
1331 2739 1357 2768 A
1376 2738 1409 2768 D
1428 2738 1455 2768 P
1471 2737 1520 2773 M,
1536 2736 1688 2767 evanescit
1701 2746 1824 2778 quoque
1838 2747 1863 2774 s,
1879 2742 1911 2768 et

1466 2779 1768 2860 Q-—za—”Za--n'
1791 2798 1912 2836 ωἶάεό

1086 2880 1227 2905 constans
1245 2872 1550 2910 Q=a'¹c²····'¹,
1567 2872 1911 2913 atqueitAADPM

1146 2914 1598 2948 fln02—n—8nV²-n

1314 2971 1431 3004 2—n,

1087 3011 1177 3049 uisk,
1194 3020 1249 3042 scu
1267 3010 1294 3041 P
1310 3010 1358 3046 M,
1381 3007 1475 3040 estut
1489 3009 1608 3042 functio
1621 3011 1735 3051 quaevis
1755 3009 1843 3050 spatii
1857 3008 1911 3046 de-

1622 2680 1633 2707 ;
1655 2667 1728 2708 quia
1750 2667 1821 2699 vero
1838 2677 1908 2699 evn-

1084 2806 1120 2837 fit
1140 2816 1260 2844 v=c‚
1283 2805 1443 2836 erito=

1599 2961 1608 2971 .
1658 2939 1757 2972 Ροιτό
1771 2939 1796 2971 si
1810 2939 1911 2972 densi-
