2066 3548
168 263 331 315 -Lumn
351 274 566 325 Summa]
626 268 944 313 PRINCIPIA
986 267 1479 311 MATHEMATICA.
1800 273 1876 309 291

181 388 260 446 quii
280 387 432 428 lineola
453 387 491 428 E
513 386 564 429 G
577 386 620 427 in
639 385 740 427 locis
759 385 843 426 suis
866 385 902 426 P
922 392 963 425 et
985 385 1016 425 S
1036 391 1219 440 urgetur,
1251 390 1314 425 est
1332 383 1398 424 ad
1407 382 1569 423 lineolae
1589 382 1699 422 illius
1718 381 1883 436 pondus

178 469 226 503 ut
254 460 368 502 HK
402 468 435 502 ><
467 457 643 500 AadV
673 466 708 500 Χ
739 456 858 506 EG,
891 457 975 498 sive
1003 463 1050 497 ut
1079 454 1302 500 POxA
1331 454 1386 495 ad
1415 453 1530 504 V-V‚
1562 453 1614 509 (d)
1641 467 1738 494 nam
1769 451 1882 494 HK

178 538 267 572 erat
285 526 341 570 ad
361 529 399 570 E
413 529 456 570 G
476 536 523 570 ut
544 528 581 570 P
593 527 636 569 O
654 526 709 568 ad
729 527 781 568 V.
842 526 986 576 Quare
1006 524 1102 567 cum
1121 532 1322 579 tempora,
1345 523 1496 579 quibus
1514 522 1690 578 aeqnalia
1709 537 1885 576 corpora

176 617 253 658 per
280 603 454 659 aequalia
481 601 613 657 spatia
643 599 925 655 impelluntur,
968 599 1051 641 sint
1089 597 1139 653 (θ)
1169 595 1380 652 reciproce
1417 596 1462 636 in
1501 593 1786 648 subduplicatfi
1816 608 1882 634 ra-

177 678 291 719 tione
318 677 481 727 virium,
518 676 596 717 erit
623 682 787 728 tempus
817 672 1056 715 vibrationis
1085 671 1221 721 unius,
1257 678 1433 727 urgente
1454 670 1493 710 vi
1520 667 1590 709 illa
1619 666 1798 717 elasticfi,
1830 667 1884 708 ad

176 731 340 804 tenipus
362 747 615 797 vibrationis,
639 753 814 803 urgente
832 745 874 786 vi
887 743 1100 800 ponderis,
1129 743 1174 783 in
1193 741 1482 797 subduplieata
1510 741 1670 782 ratione
1698 740 1740 781 V
1760 740 1801 780 V
1830 739 1884 780 ad

177 822 216 865 P
237 821 278 864 Ο
299 833 333 867 ><
359 822 413 870 A,
448 819 492 875 (f)
514 827 636 875 atque
655 817 750 859 ideo
770 816 824 858 ad
844 825 1004 871 tempus
1024 814 1290 857 oscillationis
1318 813 1491 869 penduli
1521 814 1636 868 cujus
1664 811 1884 869 longitudo

175 902 238 936 est
256 895 297 936 A
316 895 360 935 in
379 889 665 947 subduplicatae'i
694 890 853 932 ratione
874 890 914 930 V
935 889 975 930 V
995 889 1049 930 ad
1071 889 1108 930 P
1130 888 1171 930 Ο
1192 898 1227 933 Χ
1253 888 1307 938 A,
1337 895 1381 929 et
1411 885 1695 941 subduplicatz'i
1725 885 1885 926 ratione

178 966 215 1008 P
237 965 279 1007 O
298 965 353 1006 ad
373 965 414 1006 A
434 961 710 1018 conjunctim3
742 960 786 1001 id
806 968 880 1010 est,
910 960 955 1000 in
983 960 1144 1001 ratione
1163 955 1324 1015 integr-ii
1345 958 1386 998 V
1405 957 1459 998 ad
1479 958 1533 998 A.
1594 956 1679 999 Sed
1699 965 1885 1010 tempore

174 1035 413 1078 vibrationis
433 1034 556 1076 unius
574 1046 629 1074 ex
647 1032 709 1072 itu
728 1039 770 1073 et
788 1029 924 1072 reditu
944 1030 1197 1085 compositae,
1218 1029 1363 1084 pulsus
1383 1026 1694 1084 progrediendo
1714 1026 1883 1068 conficit

174 1107 433 1157 latitudinem
453 1123 570 1149 suam
591 1107 629 1150 B
646 1107 696 1150 C.
741 1107 858 1164 Ergo
877 1115 1055 1162 tempus,
1077 1121 1160 1163 quo
1179 1106 1324 1162 pulsus
1344 1104 1550 1160 percurrit
1570 1104 1751 1160 spatium
1774 1103 1811 1144 B
1833 1103 1882 1152 C,

176 1179 229 1235 (⁶)
250 1186 313 1221 est
332 1177 386 1219 ad
405 1186 569 1234 tempus
598 1177 861 1220 oscillationis
889 1178 1012 1219 unius
1030 1192 1084 1219 ex
1102 1178 1162 1218 itu
1184 1185 1226 1218 et
1254 1176 1389 1217 reditu
1418 1176 1674 1231 compositae‚
1706 1183 1752 1216 ut
1772 1176 1813 1216 V
1832 1175 1886 1216 ad

176 1249 232 1300 A,
256 1248 308 1304 (¹¹)
325 1249 367 1290 id
387 1258 462 1300 est,
486 1257 532 1290 ut
553 1249 590 1291 Β
609 1249 646 1290 C
666 1248 720 1290 ad
740 1248 1111 1290 circumferentiam
1131 1247 1275 1289 circuli
1290 1248 1406 1303 cujus
1422 1247 1562 1288 radius
1579 1255 1642 1289 est
1657 1249 1711 1289 A.
1756 1248 1886 1289 Tem-

173 1335 253 1376 pus
273 1328 424 1370 autem,
445 1335 528 1375 quo
546 1319 691 1374 pulsus
710 1327 926 1374 percurret
945 1320 1122 1374 spatium
1145 1319 1183 1360 B
1202 1319 1252 1368 C,
1275 1326 1336 1360 est
1355 1318 1409 1359 ad
1428 1326 1591 1373 tempus
1612 1333 1696 1374 quo
1715 1333 1886 1373 percur-

174 1399 240 1433 ret
274 1390 576 1447 longitudinem
610 1390 708 1431 h'uic
744 1389 1088 1431 circumferentiae
1120 1389 1336 1445 aequalem,
1374 1388 1424 1443 (¹¹)
1446 1389 1489 1429 in
1523 1388 1670 1429 efidem
1702 1389 1885 1439 ratione3

173 1462 350 1518 ideoque
384 1470 571 1516 tempore
601 1460 693 1502 talis
722 1461 989 1503 oscillationis
1021 1460 1165 1516 pulsus
1204 1467 1419 1516 percurret
1456 1459 1761 1516 longitudinem
1788 1460 1886 1501 huic

174 1534 518 1577 circumferentiae
537 1534 752 1590 aequalem.
813 1534 870 1583 Q.
892 1549 928 1575 e.
950 1533 991 1575 d.

236 1605 365 1646 Corol.
390 1610 428 1645 1.
472 1604 683 1647 velocitas
711 1603 908 1659 pulsuum
929 1618 978 1645 ea
997 1610 1072 1653 est,
1109 1617 1235 1659 quam
1255 1602 1474 1658 acquirunt
1501 1601 1644 1658 gravia
1672 1601 1887 1658 aequaliter

174 1669 402 1718 accelerato
420 1685 537 1718 motu
567 1676 768 1727 cadendo,
804 1685 847 1718 et
875 1691 974 1718 casu
1003 1691 1080 1718 suo
1109 1676 1383 1717 describendo
1414 1676 1632 1717 dimidium
1660 1675 1886 1718 altitudinis

176 1749 230 1789 A.
291 1748 402 1793 Nam
422 1755 610 1802 tempore
630 1762 749 1789 casus
769 1747 905 1803 hujuS,
937 1762 1032 1789 cum
1051 1747 1267 1789 velocitate
1288 1747 1477 1789 cadendo
1497 1748 1710 1803 acquisitu,
1741 1748 1886 1803 pulsus

172 1826 389 1874 percurret
408 1819 586 1873 spatium
608 1817 651 1872 (¹)
674 1818 788 1874 quod
807 1819 886 1860 erit
904 1818 1064 1874 aequale
1083 1819 1160 1859 toti
1179 1818 1387 1859 altitudini
1410 1819 1474 1868 A;
1502 1818 1680 1874 ideoque
1700 1828 1887 1874 tempore

175 1888 440 1930 oscillationis
470 1888 593 1930 unius
614 1902 670 1929 ex
688 1888 750 1930 itu
770 1895 812 1929 et
830 1888 967 1930 reditu
995 1887 1234 1943 compositae
1266 1896 1483 1943 percurret
1517 1889 1697 1944 spatium
1727 1890 1886 1945 aequale

175 1957 515 2000 circumferentiae
548 1957 692 1999 circuli
725 1958 842 2000 radio
864 1959 905 2000 A
924 1958 1145 2013 descripti:
1179 1958 1240 2014 (¹¹³)
1262 1967 1326 2000 est
1345 1959 1456 2000 enim
1485 1967 1650 2014 tempus
1683 1959 1802 2001 casus
1832 1960 1886 2002 ad

174 2038 337 2086 tempus
356 2029 620 2073 osculationis
639 2038 687 2073 ut
705 2030 846 2073 radius
865 2031 1008 2072 circuli
1027 2031 1080 2074 ad
1101 2031 1286 2086 ejusdem
1306 2031 1690 2075 circumferentiam.

236 2173 264 2214 a)
282 2176 299 2193 ο

176 2226 211 2246 111
246 2226 306 2247 em.

220 2259 267 2300 (e)
292 2261 310 2278 ¹
333 2261 404 2291 Sint
427 2261 575 2300 reciproce
598 2262 633 2292 in
657 2261 868 2302 subduplicatd
893 2264 1011 2294 ratione

176 2312 300 2384 ³133?-
345 2301 436 2332 Patet
449 2312 505 2341 per
522 2303 593 2335 Cor.
611 2307 642 2334 3.
661 2304 756 2344 I’rop.
776 2305 911 2335 XXIV.
931 2306 1005 2336 Lib.

373 2175 945 2210 mHKeraeadEGutPoad
972 2179 1008 2216 V,

391 2227 421 2256 p·
442 2217 595 2248 XLVII.
1051 2177 1130 2210 tudo
1146 2179 1189 2216 A,
1205 2178 1284 2210 datis
1298 2179 1395 2210 medii
1409 2179 1561 2212 densitate
1575 2187 1607 2212 et
1621 2182 1650 2212 vi
1666 2181 1791 2214 elastici
1801 2181 1881 2218 dati,

1052 2228 1099 2251 est
1113 2227 1149 2251 ut
1162 2222 1296 2259 spatium
1314 2223 1390 2265 BVC
1411 2224 1451 2252 ad
1472 2223 1575 2253 datam
1597 2226 1802 2263 peripheriam
1824 2226 1883 2255 cir-

1052 2262 1116 2293 culi
1131 2263 1218 2294 radio
1235 2266 1265 2294 A
1281 2264 1444 2303 descripti;
1461 2265 1567 2305 liquet,
1583 2266 1666 2306 quod
1675 2274 1805 2306 tempus„
1819 2277 1883 2307 quo

1050 2305 1161 2344 pulsus
1175 2307 1326 2346 percurrit
1339 2308 1472 2346 spatium
1490 2308 1518 2338 B
1535 2308 1570 2345 C,
1587 2315 1643 2338 aut
1656 2309 1762 2339 eadem
1775 2309 1882 2340 celeri.

1052 2354 1115 2378 tate
1129 2355 1318 2387 percurreret
1332 2349 1435 2380 datam
1458 2350 1659 2388 peripheriam
1674 2351 1780 2381 circuli
1795 2352 1882 2381 radio

222 2385 264 2428 (f)
282 2387 299 2404 ’Β
316 2387 420 2427 Atque
441 2386 505 2418 1·ιίεό
525 2390 566 2419 ad
587 2394 715 2429 tempus,
738 2390 794 2420 διε.
843 2389 935 2420 Patet
954 2399 1010 2429 per

179 2428 434 2467 compositionem
455 2430 608 2460 rationum
624 2437 655 2461 et
669 2442 707 2461 ex
730 2442 839 2472 aequo3
863 2432 937 2472 quia
957 2435 1010 2473 (ex

180 2470 409 2508 demonstratis)
433 2478 554 2511 tempus
574 2473 670 2503 unius
684 2474 860 2504 vibrationis
875 2474 1010 2513 particu-

179 2512 219 2542 lai
236 2512 265 2543 E
285 2513 320 2550 F,
337 2520 468 2554 urgente
481 2515 512 2543 vi
526 2515 669 2553 ponderis
683 2516 790 2555 ipsius,
817 2522 863 2546 at
876 2515 916 2546 ad
931 2525 1008 2547 tem-

108 2569 113 2575 ·
180 2563 240 2593 pus
253 2555 451 2586 oscillationis
465 2557 592 2595 penduli
608 2557 697 2597 cujus
718 2558 882 2599 longitudo
896 2565 942 2590 est
966 2559 1008 2597 A,

179 2596 214 2626 111
225 2598 440 2636 subduplicatfi
454 2599 571 2629 ratione
588 2599 616 2630 P
631 2601 662 2630 Ο
677 2601 716 2630 ad
734 2603 775 2630 A.

151 2648 153 2650 ·
224 2638 270 2681 (¹)
289 2642 306 2659 ⁶
324 2642 382 2671 Est
404 2643 445 2671 ad
466 2647 586 2683 tempus
601 2643 794 2674 osculationis
809 2645 903 2674 unius
917 2654 952 2674 ez
964 2644 1011 2675 itu

180 2686 215 2753 eAt
223 2683 323 2713 reditu
343 2685 518 2724 compositae,
540 2684 669 2724 penduli
684 2685 775 2725 cujus
789 2684 952 2726 longitudo
966 2692 1011 2717 est

182 2808 271 2848 cujus
284 2810 391 2840 radius
404 2816 447 2841 ert
460 2812 502 2841 A.
550 2811 635 2842 Nam
658 2811 706 2852 (in
727 2811 893 2842 demonstr.
915 2812 1007 2852 Prop-

185 2850 307 2898 XLVl
311 2850 356 2890 Ι.)
371 2857 436 2882 erat
451 2852 481 2882 V
494 2853 599 2883 radius
613 2853 721 2883 circuli
736 2852 1012 2885 circumferentiam

182 2892 325 2922 habenus
345 2893 496 2933 aequal-
518 2895 680 2926 intervallo
697 2896 726 2926 B
745 2896 790 2933 C;
814 2896 898 2926 unde
912 2903 958 2927 est
982 2897 1013 2926 V

183 2933 223 2963 ad
242 2934 271 2964 A
287 2940 323 2963 ut
339 2934 368 2964 B
386 2935 412 2965 C
434 2935 474 2966 ad
494 2937 774 2968 circumferentiam
795 2937 903 2969 circuli
924 2939 1014 2980 cujus

182 2975 288 3006 radius
302 2982 348 3007 est
365 2977 406 3007 A.

228 3017 276 3058 (¹)
300 3020 318 3037 ⁸
342 3021 383 3050 In
406 3018 508 3050 eadem
533 3023 660 3054 ratione.
705 3022 863 3058 Quoniam
890 3027 1030 3063 tempus'

183 3069 247 3100 quo
261 3059 369 3108 pulsu?
383 3062 530 3110 percurrit
537 3064 670 3103 spatium
688 3065 717 3095 B
733 3065 768 3101 C,
784 3064 879 3095 estad
890 3064 1013 3105 tempus

185 3102 293 3133 datum
308 3103 504 3135 oscnunuoms
523 3105 651 3148 integra
664 3105 794 3147 penduli
808 3107 897 3148 cujus
910 3107 1012 3149 longi·

218 2744 275 2807 ’(h)
293 2768 310 2785 ⁸
329 2767 368 2797 Id
377 2774 429 2805 est,
440 2774 475 2800 ue
486 2770 519 2799 B
532 2771 559 2801 (J
566 2771 607 2800 ad
617 2770 894 2811 circumferentiam
905 2772 1013 2802 circuli
1031 2773 1035 2776 ’

1054 2391 1086 2420 A
1115 2390 1266 2429 descripti,
1304 2391 1370 2422 fore
1399 2392 1443 2422 eis
1471 2393 1575 2430 spatiis
1610 2393 1877 2431 proportionalem.

1056 2433 1162 2468 Quare
1191 2439 1312 2472 tempus
1340 2444 1402 2474 quo
1431 2434 1539 2473 pulsus
1570 2435 1721 2473 percurrit
1748 2436 1881 2474 spatium

1056 2475 1085 2506 B
1103 2475 1141 2512 C,
1164 2481 1208 2505 est
1223 2475 1263 2505 ad
1276 2482 1400 2515 tempus
1414 2476 1612 2507 oscillatiouis
1627 2478 1722 2507 unius
1736 2487 1773 2507 ex
1789 2479 1836 2508 itu
1850 2486 1881 2508 er

1052 2516 1153 2547 reditu
1168 2518 1343 2557 compositae
1358 2518 1485 2557 penduli
1501 2521 1589 2559 cujus
1603 2519 1768 2559 longitudo
1778 2526 1825 2551 est
1836 2521 1879 2555 A,

1052 2566 1089 2589 ut
1109 2567 1231 2598 tempus
1252 2570 1315 2600 quo
1339 2561 1447 2599 pulsus
1470 2561 1619 2600 perenn-it
1641 2562 1723 2591 idem
1746 2562 1882 2602 spatium

1056 2602 1085 2633 B
1110 2602 1146 2637 C,
1177 2601 1216 2632 ad
1242 2609 1364 2642 tempus
1386 2613 1449 2643 quo
1477 2603 1626 2642 percurrit
1654 2604 1882 2644 longitudinem

1053 2644 1202 2684 aequalem
1218 2645 1471 2675 circumferentiae
1493 2645 1597 2675 circuli
1614 2646 1703 2685 cujus
1718 2647 1821 2677 radius
1834 2653 1881 2678 est

1033 2687 1087 2729 ‘A
1099 2699 1109 2724 3
1139 2683 1271 2728 ideoque
1296 2694 1432 2727 ternpore
1457 2683 1524 2718 talis
1549 2688 1746 2719 osciuationis
1773 2689 1881 2728 pulsus

1055 2737 1212 2800 perculrret
1253 2729 1480 2770 longitudinem
1519 2730 1592 2760 huic
1626 2731 1881 2762 circumferentiae

1055 2781 1143 2886 ῗδῗ
1156 2781 1283 2849 Ξηέιιοᾰ
1304 2815 1360 2845 erit
1380 2816 1495 2855 oequale
1519 2816 1573 2846 toti
1593 2817 1749 2847 altitudini
1762 2818 1794 2848 A
1810 2817 1876 2858 (80⁵

1088 2855 1263 2939 ¹l‚¹·¹¹)1.*)E'st
1283 2900 1365 2930 enim
1387 2904 1504 2939 tempus
1524 2899 1621 2937 casas,
1644 2911 1699 2940 per
1719 2900 1881 2932 dimidiam'

1055 2939 1250 2970 altitudinem
1270 2941 1297 2970 A
1314 2940 1354 2971 ad
1388 2979 1393 2983 x
1422 2941 1434 2948 χ
1452 2950 1490 2971 us
1510 2943 1708 2974 osculationis
1729 2944 1823 2974 unius
1843 2954 1881 2974 ex

1055 2982 1122 3012 solo
1143 2982 1198 3018 itu,
1222 2982 1270 3012 vel
1291 2981 1357 3013 solo
1412 2989 1478 3025 „tu
1492 2985 1668 3023 constantis,
1683 2991 1721 3016 ut
1733 2985 1882 3016 diameter

1055 3024 1162 3054 circuli
1183 3023 1222 3054 ad
1243 3025 1310 3066 ejus
1330 3025 1607 3067 circumferentiam
1623 3029 1711 3069 (470.
1730 3028 1800 3059 Lib.
1821 3029 1847 3058 Ι.
1855 3028 1879 3067 ),

1053 3066 1184 3106 ideoque
1198 3065 1236 3096 ad
1251 3068 1375 3105 tempus'
1386 3067 1520 3107 duplum
1533 3069 1730 3101 oscillationis
1740 3071 1834 3101 unius
1844 3079 1882 3100 ex

1053 3108 1101 3139 itu
1116 3114 1146 3139 et
1159 3108 1259 3140 reditu
1275 3109 1460 3150 compositae,
1476 3116 1513 3152 ut
1524 3111 1629 3163 radius
1642 3112 1750 3145 circuli
1763 3112 1803 3144 ad
1817 3112 1883 3153 ejus

984 3163 1067 3196 *1³2
