2066 3548
0 2830 2 2851 l

0 2854 1 2876 l

118 278 267 320 met
284 278 502 330 Securum]
544 277 864 320 PRINCIPIA
896 275 1407 319 MATHEMATICA..
1740 279 1824 317 305

119 394 243 451 quem
262 393 315 435 ad
334 393 454 448 polos
465 408 478 443 ;
508 392 678 434 debebit
696 394 819 434 causa
839 392 976 449 aliqua
995 392 1139 434 adesse
1159 392 1239 448 que
1259 392 1472 447 particulae
1492 391 1665 448 singulae
1683 391 1727 431 in
1746 391 1827 432 cir-

119 465 222 506 culis
242 464 326 505 suis
346 464 621 512 retineantur3
649 477 703 504 ne
722 464 906 513 materia,
936 478 1032 519 quae
1051 463 1106 504 ad
1125 463 1355 518 eclipticam
1375 470 1450 513 est,
1481 462 1648 503 recedat
1666 476 1829 517 semper

119 554 144 579 a
163 547 305 580 centro
324 546 366 580 et
383 553 461 594 per
479 538 686 580 exteriora
720 538 888 579 vorticis
917 538 1069 595 migret
1086 537 1140 578 ad
1158 537 1291 593 polos,
1322 537 1501 593 indeque
1528 551 1605 592 per
1624 550 1743 577 axem
1774 535 1828 576 ad

121 604 350 664 eclipticam
371 609 636 651 circulatione
654 609 855 664 perpetua
875 606 1119 651 revertatur.

177 682 229 737 (¹)
254 683 384 724 Corol.
409 687 445 723 1.
489 681 607 723 Hinc
637 691 774 723 motus
808 682 1029 739 angulares
1057 681 1239 737 partium
1266 681 1385 723 fluidi
1411 682 1522 723 circa
1547 695 1670 723 axem
1697 680 1826 738 globi,

122 762 219 795 sunt
236 753 447 809 reciproce
466 762 513 796 ut
535 754 735 810 quadrata
754 754 1043 796 distantiarum
1062 769 1088 795 a
1107 763 1250 795 centro
1267 754 1396 810 globi,
1428 763 1469 795 et
1491 753 1725 800 velocitates
1754 752 1828 794 ab·

119 827 264 869 solutae
284 827 495 883 reciproce
515 835 562 869 ut
580 828 726 869 eadem
746 827 948 884 quadrata
966 827 1171 882 applicata
1189 827 1244 868 ad
1263 826 1475 868 distantias
1496 827 1549 867 ab
1569 841 1659 867 axe.

177 901 309 943 Corol.
331 906 371 943 2.
405 902 450 944 Si
469 901 618 959 globus
638 901 682 942 in
699 900 832 942 fluido
852 901 1089 957 quiescente
1109 899 1278 942 similari
1307 907 1349 941 et
1375 898 1538 939 infinito
1567 899 1677 940 circa
1705 913 1828 940 axem

118 974 322 1029 positione
342 975 485 1016 datum
514 974 709 1016 uniformi
739 988 835 1015 cum
865 981 983 1015 motu
1011 973 1258 1023 revolvatur,
1291 971 1662 1014 communicabitur
1690 980 1828 1012 motus

117 1038 262 1088 fluido'
276 1047 320 1089 in
346 1061 506 1088 morem
534 1047 714 1098 vorticis,
748 1055 790 1088 et
818 1055 954 1088 motus
973 1047 1051 1104 iste
1071 1047 1270 1102 paulatim
1288 1046 1588 1104 propagabitur
1616 1045 1660 1086 in
1690 1045 1828 1086 infini-

119 1127 230 1168 tum3
261 1134 396 1175 neque
428 1119 544 1175 prius
576 1119 752 1161 cessabit
781 1119 827 1161 in
861 1119 1032 1177 singulis
1066 1119 1184 1161 fluidi
1213 1120 1401 1175 partibus
1433 1119 1665 1169 accelerari,
1702 1133 1826 1175 quam

117 1198 304 1245 tempora
334 1190 547 1245 periodica
577 1190 831 1248 singularum
860 1191 1042 1247 partium
1075 1191 1158 1233 sint
1190 1199 1238 1233 ut
1266 1191 1466 1249 quadrata
1494 1191 1781 1233 distantiarum
1803 1205 1830 1231 a

117 1271 260 1304 centro
277 1262 404 1320 globi.

142 1339 147 1342 '
177 1335 307 1376 Corol.
331 1341 370 1376 3.
414 1335 627 1385 Quoniam
666 1335 834 1378 vorticis
872 1344 1012 1392 partes
1050 1337 1268 1379 interiores
1308 1337 1360 1392 (1)
1390 1336 1445 1377 ob
1478 1337 1676 1392 majorem
1710 1349 1828 1376 suam

118 1406 375 1449 velocitatem
394 1416 575 1450 atterunt
594 1417 636 1450 et
654 1417 806 1466 urgent
834 1409 1072 1460 exteriores,
1103 1399 1344 1466 motumque
1363 1409 1463 1464 ipsis
1484 1408 1531 1450 ee
1552 1409 1714 1450 actione
1732 1422 1830 1463 per-

115 1478 243 1533 petuo
272 1479 592 1530 communicant,
622 1487 665 1521 et
679 1479 905 1522 exteriores
925 1479 985 1521 illi
1005 1480 1179 1522 eandem
1208 1488 1345 1522 motus
1373 1479 1643 1536 quantitatem
1662 1479 1704 1520 in
1725 1479 1829 1520 alios

117 1550 254 1592 adhuc
275 1552 498 1594 exteriores
519 1552 641 1594 simul
661 1553 925 1604 transferunt,
957 1553 1088 1610 eeque
1108 1554 1269 1596 actione
1300 1555 1351 1610 (²)
1374 1561 1539 1595 servant
1558 1553 1828 1609 quantitatem

121 1620 258 1663 motl'is
287 1621 351 1663 sui
379 1621 503 1679 plane
532 1623 796 1673 invariatam3
830 1632 946 1679 patet
976 1625 1090 1681 quod
1123 1633 1260 1666 motus
1293 1634 1496 1680 perpetuo
1530 1623 1775 1666 transfertur
1804 1638 1830 1664 a

117 1702 259 1735 centro
279 1694 333 1736 ad
353 1695 718 1738 circumferentiam
740 1697 920 1748 vorticis,
957 1706 999 1740 et
1025 1713 1102 1753 per
1129 1699 1374 1740 infinitatem
1395 1698 1736 1740 circumferentiae
1756 1697 1830 1739 ab·

118 1765 320 1807 sorbetur.
367 1766 547 1808 Materia
559 1767 667 1809 inter
679 1768 901 1823 sphaericas
922 1768 1025 1810 duas
1045 1770 1209 1825 quasvis
1230 1768 1469 1841 superficie?
1484 1769 1631 1811 vortici
1652 1784 1829 1811 concen-

118 1835 240 1877 tricas
260 1850 473 1892 nunquam
492 1837 800 1888 accelerabitur,
823 1854 874 1880 eo
894 1839 1008 1895 qued
1027 1849 1187 1881 motum
1214 1855 1381 1882 omnem
1399 1856 1425 1882 a
1442 1840 1614 1882 materie
1634 1840 1829 1884 interiore

119 1911 333 1963 acceptum
353 1908 546 1951 transfert
565 1925 728 1966 semper
747 1912 790 1952 in
811 1912 1070 1955 exteriorem.

177 1981 309 2021 Corol.
330 1985 370 2021 4«.
402 1981 585 2023 Proinde
605 1982 660 2023 ad
679 1984 1034 2026 conservationem
1056 1986 1221 2027 vorticis
1252 1994 1489 2029 constanter
1507 1987 1550 2028 in
1571 1988 1718 2030 eodem
1739 2002 1830 2028 mo-

119 2053 243 2094 vendi
263 2061 383 2105 statu,
406 2055 629 2112 requiritur
648 2056 901 2111 principium
922 2057 1092 2115 aliquod
1112 2059 1304 2110 activum,
1335 2075 1360 2101 a
1380 2075 1464 2116 quo
1483 2060 1634 2118 globus
1654 2061 1828 2103 eandem

120 2211 262 2243 culorum
277 2211 546 2258 quos'describunt
561 2214 630 2255 (per
644 2215 714 2246 Cor.
727 2218 758 2246 3.
776 2213 871 2255 Prop.
887 2214 951 2246 IV.
996 2214 1135 2247 locitates
1149 2216 1312 2257 angulares
1333 2217 1454 2248 orbium
1470 2228 1489 2247 a
1503 2223 1608 2249 centro
1622 2217 1706 2259 globi
1721 2218 1826 2249 minus

123 2254 195 2284 Lib.
217 2254 275 2293 1.),
299 2255 358 2285 hoc
373 2263 426 2289 est,
451 2261 488 2286 ut
508 2257 775 2295 perpendiculares
804 2257 845 2288 ad
866 2267 956 2289 axem
998 2258 1178 2289 distantium
1192 2260 1323 2300 majores
1337 2266 1410 2290 sunt
1426 2263 1495 2301 (per
1511 2260 1582 2291 Cor.
1603 2261 1650 2301 1.)
1666 2260 1760 2301 quam
1774 2272 1827 2291 ve-

122 2297 153 2327 E
172 2297 193 2327 S
207 2303 238 2327 et
252 2307 269 2327 e
284 2307 314 2337 q.
361 2298 418 2327 vis
432 2298 527 2338 igitur
540 2300 713 2342 centrifuga
727 2310 765 2330 eo
782 2300 880 2340 major
894 2306 949 2338 est,
993 2301 1130 2331 locitates
1143 2302 1307 2341 angulares
1320 2302 1440 2332 orbium
1457 2303 1642 2334 exteriorum
1655 2310 1828 2334 etacentro

120 2349 184 2379 quo
204 2339 303 2380 magis
324 2339 474 2378 particula
494 2340 611 2371 accedit
631 2342 671 2372 ad
692 2349 880 2382 aequatorem
896 2353 951 2373 seu

121 2381 292 2421 eclipticam
309 2382 332 2412 S
346 2382 388 2420 E,
411 2388 443 2413 et
463 2383 496 2413 in
518 2389 672 2426 oequatore
693 2385 828 2415 maxima
841 2392 896 2423 est,
919 2385 952 2415 iu

121 2423 195 2463 polo
209 2424 305 2454 nulla.
620 2443 623 2445 ·

165 2479 214 2520 (¹)
229 2483 302 2510 328.
330 2482 347 2501 ¹*
367 2483 462 2513 θον-οἱ.
491 2486 519 2512 l.
557 2482 667 2514 Motus
695 2484 859 2525 angulares
880 2491 954 2515 sum

122 2522 276 2561 reciproce
299 2529 336 2554 ut
359 2530 499 2562 tempora
520 2525 674 2564 periodica
696 2526 800 2567 (527),
823 2526 955 2568 ideoque

125 2566 176 2606 (ex
199 2564 427 2606 demonstratis)
454 2566 606 2606 reciproce
621 2574 656 2598 ut
670 2569 818 2609 quadrata
839 2569 955 2600 distan-

123 2606 238 2636 tiarum
264 2618 284 2638 a
310 2614 418 2639 centro
445 2609 540 2650 globi.
591 2610 777 2642 Velocitates
806 2612 954 2642 absolutoe

124 2649 344 2688 particularum
358 2656 433 2681 sunt
445 2657 483 2682 ut
496 2651 675 2692 peripheriae
684 2653 868 2684 circulorum
877 2664 954 2695 quas

124 2691 310 2726 describunt,
333 2703 387 2723 seu
402 2700 439 2724 ut
451 2694 588 2733 ipsarum
609 2695 761 2727 distantia>
774 2698 814 2727 ab
827 2706 884 2726 axe
905 2696 951 2727 di-

124 2732 215 2770 recte,
232 2739 263 2764 et
277 2740 415 2773 tempora
427 2736 583 2776 periodica
597 2737 735 2776 inverse;
751 2745 782 2768 et
796 2745 956 2778 propterea

125 2782 199 2806 sunt
213 2782 250 2806 ut
263 2775 414 2808 distantiae
429 2780 468 2810 ab
482 2789 539 2810 axe
560 2779 673 2811 directe
688 2787 719 2811 et
732 2781 880 2820 quadrata
894 2781 954 2811 dis-

125 2819 292 2849 tantiarum
307 2829 327 2848 a
340 2826 444 2851 centro
457 2821 543 2862 globi
557 2821 685 2857 inverse,
701 2833 737 2853 ac
747 2823 875 2862 proinde
884 2830 957 2854 sunt

125 2859 278 2899 reciproce
293 2867 330 2891 ut
343 2861 450 2892 eadem
465 2863 612 2904 quadrata
623 2865 774 2904 applicata
788 2865 827 2896 ad
842 2865 956 2896 distau-

125 2903 183 2933 tias
198 2903 236 2934 ab
250 2913 316 2933 axe.
342 2931 344 2933 .
366 2904 460 2935 Unde
473 2906 647 2937 velocitates
661 2907 810 2938 absolutae
824 2908 958 2947 particu-

126 2945 226 2975 larum
249 2945 282 2974 in
308 2953 461 2986 aequatore
482 2955 555 2979 sunt
577 2949 731 2988 reciproce
755 2956 792 2980 ut
819 2951 955 2989 ipsarum

126 2986 278 3018 distantiae'
292 2998 311 3018 a
325 2995 430 3018 centro
444 2989 538 3030 globi,
553 2998 585 3022 et
598 3002 704 3022 earum
720 2992 798 3022 vires
809 2993 956 3023 cerm-isu-

125 3040 176 3071 gae
190 3031 343 3068 reciproce
358 3037 394 3060 ut
408 3032 479 3062 cubi
492 3032 707 3064 distantiarum
721 3045 740 3064 a
754 3042 859 3065 centro
873 3035 957 3076 globi

128 3074 196 3114 (per
213 3072 284 3102 Cor.
307 3076 336 3103 1.
356 3073 449 3114 Prop.
470 3074 530 3105 IV.
551 3075 621 3108 Lib.
642 3077 690 3116 1.)

169 3129 216 3171 (Υ)
234 3131 252 3148 ⁶
269 3131 312 3162 Ob
326 3131 474 3171 majorem
487 3142 578 3164 suam
592 3135 786 3172 velocitatem,
802 3134 859 3165 &a
893 3133 957 3166 Ve-

170 3184 251 3215 Vor..
273 3185 321 3215 11.

995 2343 1120 2374 vorticis
1133 2345 1332 2374 remotiorum
1343 2356 1352 2382 ;
1369 2344 1423 2374 sed
1432 2346 1520 2375 orbes
1529 2345 1687 2376 interiores
1699 2355 1826 2376 excessu

995 2386 1162 2416 velocitatis
1183 2387 1350 2428 angularis,
1374 2397 1436 2427 quo
1457 2387 1582 2418 relative
1602 2388 1642 2418 ad
1663 2390 1752 2418 orbes
1773 2398 1825 2419 ex-

995 2426 1120 2459 teriores
1140 2436 1312 2466 moventur,
1336 2430 1393 2460 hos
1407 2435 1543 2460 atterunt
1564 2437 1595 2462 et
1616 2436 1738 2470 urgent,
1761 2443 1825 2462 mo-

995 2477 1125 2513 tumque
1139 2473 1220 2512 ipsis,
1235 2472 1292 2502 &c-

1040 2542 1090 2583 (z)
1118 2545 1135 2563 ⁸
1159 2545 1286 2574 Servant
1314 2545 1514 2584 quantitatem
1539 2542 1638 2574 molas
1662 2545 1711 2575 sui
1731 2544 1824 2583 plane

998 2586 1194 2616 invariatum.
1244 2585 1329 2621 Quia
1353 2590 1422 2626 (per
1446 2585 1552 2625 Hyp.)
1577 2597 1613 2616 ea
1635 2593 1681 2616 est
1704 2587 1826 2617 vorticis

995 2627 1142 2663 conditio,
1164 2634 1202 2658 ut
1214 2638 1409 2668 unaquaeque
1423 2628 1509 2658 fluidi
1525 2638 1595 2666 pars
1608 2635 1777 2668 perseveret
1791 2629 1825 2659 in

996 2680 1053 2700 suo
1067 2676 1154 2700 motu
1169 2670 1372 2708 uniformiter,
1395 2678 1427 2701 et
1441 2671 1472 2700 in
1487 2669 1595 2701 eedem
1610 2681 1629 2701 a
1643 2677 1748 2701 centro
1762 2671 1824 2702 dis-

996 2713 1093 2743 tantia
1107 2712 1215 2743 eodem
1230 2722 1349 2751 semper
1356 2718 1462 2743 tenore
1470 2719 1650 2750 moveatur3
1665 2719 1696 2744 et
1710 2719 1824 2750 tamen,

997 2762 1120 2794 propter
1133 2756 1255 2785 orbium
1275 2755 1456 2786 interiorum
1471 2756 1619 2796 majorem
1633 2756 1826 2786 velocitatem

998 2797 1178 2838 angularem
1204 2797 1404 2838 attritumque
1429 2798 1624 2834 continuum,
1654 2799 1743 2828 orbes
1771 2809 1825 2829 ex-

999 2840 1124 2872 teriores
1137 2838 1285 2879 perpetue
1305 2848 1456 2880 urgentur
1469 2847 1500 2871 et
1513 2840 1553 2871 ad
1568 2847 1688 2871 motum
1710 2841 1826 2871 accele-

984 2882 1130 2914 undum
1147 2882 1334 2921 incitantur3
1357 2893 1479 2913 necesse
1494 2889 1539 2912 est
1554 2889 1589 2913 ut
1602 2890 1705 2913 motus
1719 2893 1826 2923 perpe-

1000 2931 1056 2955 tuo
1084 2925 1283 2955 transferatur
1306 2935 1325 2954 a
1350 2931 1455 2955 centro
1480 2924 1520 2955 ad
1548 2925 1826 2956 circumferentiam

998 2967 1130 3004 vorticis,
1152 2974 1183 2997 et
1197 2977 1250 3006 per
1264 2967 1448 2997 infinitatem
1463 2967 1587 2997 extimae
1608 2968 1827 2998 circumferen-

998 3009 1052 3039 tiae
1065 3010 1269 3039 absorbeatur.
1311 3009 1385 3045 Qua
1399 3010 1516 3039 ratione
1530 3009 1565 3040 fit
1580 3017 1615 3040 ut
1630 3012 1751 3041 orbium
1765 3012 1830 3041 sin-

1000 3052 1157 3092 gulorum,
1169 3052 1222 3091 qui
1234 3051 1374 3082 eamdem
1386 3051 1489 3082 motfis
1499 3053 1699 3093 quantitatem
1711 3053 1743 3083 in
1753 3053 1830 3084 alios

999 3093 1164 3124 exteriores
1176 3093 1271 3124 simul
1285 3099 1317 3125 et
1334 3104 1455 3134 semper
1467 3095 1665 3133 transferunt,
1686 3095 1770 3126 idem
1791 3096 1830 3126 sit

999 3134 1148 3175 perpetue
1161 3142 1275 3167 motus.

969 3191 1001 3221 U
