2066 3548
144 279 308 322 -ann
325 277 544 329 stonum]
586 275 909 319 PRINCIPIA
941 275 1434 318 MATHEMATICA.
1787 279 1871 320 267

156 394 322 444 canalis,
344 393 414 434 hic
428 407 515 434 non
533 392 767 434 considero.
796 390 1035 448 Designent
1053 389 1181 447 igitur
1193 390 1235 431 A
1249 390 1301 440 B,
1320 390 1357 432 C
1370 390 1415 431 D
1427 389 1679 431 mediocrem
1692 389 1872 431 altitudi-

154 480 252 507 nem
266 479 386 521 aquae
399 465 442 505 in
458 479 578 506 crure
591 471 792 519 utroque3
813 470 856 503 et
875 462 949 503 ubi
967 476 1075 517 aqua
1092 461 1136 502 in
1151 475 1272 502 crure
1295 460 1337 502 K
1353 460 1392 502 L
1412 460 1598 502 ascendit
1617 459 1671 501 ad
1691 460 1872 502 altitudi-

153 551 251 578 nem
268 536 306 577 E
318 536 366 586 F,
381 535 642 577 descenderit
655 549 763 590 aqua
776 533 820 574 in
834 547 956 574 crure
974 532 1026 574 M
1041 533 1084 574 N
1095 532 1149 573 ad
1162 531 1423 573 altitudinem
1440 531 1482 574 G
1498 531 1561 572 H.
1605 531 1668 574 Sit
1681 539 1819 572 autem
1835 532 1871 573 P

151 623 303 663 corpus
323 607 566 662 pendulum,
590 606 631 647 V
648 606 684 647 P
702 605 833 655 filum,
864 605 906 645 V
924 612 1127 659 punctum
1148 602 1443 657 suspensionis,
1478 603 1519 644 R
1542 602 1578 644 P
1599 602 1642 652 Q
1665 602 1696 644 S
1716 602 1870 658 cyclois

151 694 276 735 quam
295 677 523 733 pendulum
543 676 762 727 describat,
789 675 827 717 P
846 676 933 731 ejus
953 682 1154 730 punctum
1173 674 1378 723 infimum,
1403 674 1440 716 P
1461 673 1504 723 Q
1523 688 1643 715 arcus
1662 673 1868 715 altitudini

150 752 193 793 A
216 749 456 806 E-aequalis.
516 748 604 799 Vis,
637 747 718 804 quii
738 755 876 789 motus
895 760 1015 802 aquae
1034 745 1206 787 alternis
1225 744 1383 786 vicibus
1405 745 1660 786 acceleratur
1679 752 1720 786 et
1738 752 1868 786 retar-

148 823 283 873 datur,
315 829 378 863 est
399 834 591 863 excessus
611 818 809 874 ponderis
830 831 949 874 aquae
968 817 1013 857 in
1033 816 1232 858 alterutro
1252 829 1372 856 crure
1393 829 1520 869 supra
1539 814 1704 870 pondus
1733 815 1778 856 in
1807 815 1867 856 al·

145 906 250 948 tero,
272 896 464 953 ide6que‚
496 894 568 936 ubi
588 909 695 950 aqua
713 894 758 934 in
779 906 899 934 crure
921 891 964 934 K
986 890 1026 934 L
1046 889 1231 944 ascendit
1250 888 1305 931 ad
1327 888 1366 930 E
1389 889 1438 939 F,
1470 895 1512 929 et
1532 887 1574 929 in
1597 902 1718 930 crure
1738 888 1868 930 altero

660 1047 712 1083 v
1223 1036 1260 1074 K
1589 1036 1635 1074 M

658 1585 820 1622 ΖΒΕ)

139 1711 354 1753 descendit
372 1710 426 1753 ad
448 1710 492 1753 G
514 1711 577 1760 H,
611 1709 654 1766 (¹)
677 1710 737 1751 vis
756 1710 829 1751 illa
848 1717 910 1751 est
929 1709 1094 1765 pondus
1124 1708 1380 1764 duplicatum
1410 1721 1529 1763 aquae
1552 1707 1592 1749 E
1614 1708 1653 1749 A
1679 1707 1716 1748 B
1740 1706 1790 1756 F,
1823 1712 1867 1746 et

137 1792 359 1839 propterea
378 1791 440 1825 est
459 1783 512 1824 ad
533 1783 698 1838 pondus
718 1798 839 1839 aquae
859 1783 984 1824 totius
1004 1790 1051 1824 ut
1070 1783 1114 1825 A
1129 1782 1167 1823 E
1188 1797 1260 1823 seu
1283 1782 1319 1823 P
1332 1781 1376 1830 Q
1397 1780 1447 1836 (¹¹)
1470 1781 1524 1822 ad
1544 1781 1586 1822 V
1602 1781 1639 1822 P
1661 1795 1734 1821 seu
1749 1779 1787 1821 P
1810 1778 1865 1819 R.

139 1857 215 1898 Vis
245 1858 380 1907 etiam,
415 1857 496 1913 qua
526 1856 691 1912 pondus
723 1856 760 1898 P
788 1857 832 1897 in
861 1856 956 1897 loco
986 1856 1130 1912 quovis
1152 1855 1195 1904 Q
1215 1854 1469 1896 acceleratur
1489 1862 1532 1895 et
1551 1852 1791 1895 retardatur
1821 1850 1867 1891 in

140 1927 326 1984 cycloide
348 1931 440 1982 (per
463 1927 608 1968 Corol.
632 1927 760 1982 Prop.
781 1927 877 1979 LI.)
899 1935 963 1968 est
982 1926 1036 1968 ad
1056 1927 1144 1982 ejus
1164 1925 1329 1980 pondus
1350 1932 1498 1975 totum,
1529 1931 1578 1965 ut
1597 1925 1686 1979 ejus
1706 1923 1866 1964 distan-

138 1999 196 2041 tia
218 1998 254 2039 P
275 1998 319 2047 Q
339 2013 363 2038 a
382 1997 475 2038 loco
494 1997 640 2038 infimo
662 1997 711 2047 P,
734 1997 788 2038 ad
807 1997 1005 2053 cycloidis
1025 1996 1327 2052 longitudinem
1350 1996 1387 2037 P
1409 1996 1463 2036 R.
1526 1995 1670 2044 Quare
1685 1991 1806 2050 aquae
1823 2000 1865 2034 et

139 2070 328 2126 penduli,
361 2070 537 2126 aequalia
565 2070 698 2124 spatia
717 2069 760 2110 A
780 2069 832 2119 E,
857 2069 894 2110 P
916 2069 960 2118 Q
980 2068 1315 2117 describentium,
1350 2068 1456 2108 vires
1476 2066 1670 2107 motrices
1692 2073 1789 2107 sunt
1818 2072 1866 2106 ut

139 2144 326 2199 pondera
346 2143 574 2192 movenda3
597 2141 640 2197 (¹)
661 2141 852 2197 ideoque,
875 2142 910 2183 si
930 2156 1036 2197 aqua
1051 2148 1092 2181 et
1106 2140 1336 2195 pendulum
1351 2139 1394 2179 in
1406 2138 1612 2193 principio
1628 2138 1861 2194 quiescunt,

71 2226 78 2230 ”
141 2218 249 2258 vires
271 2217 354 2258 iflae
372 2216 601 2257 movebunt
627 2214 772 2257 eadem
800 2214 1014 2270 aequaliter
1043 2212 1298 2267 temporibus
1327 2210 1570 2267 aequalibus,
1604 2210 1863 2265 efficientque

138 2297 187 2330 ut
207 2296 323 2329 motu
343 2285 702 2342 reciproco'simul
721 2293 817 2327 eant
836 2293 878 2327 et
897 2285 1081 2326 redeant.
1144 2283 1200 2332 Q.
1221 2298 1257 2324 e.
1279 2282 1320 2323 d.

203 2360 336 2401 Corol.
361 2364 398 2399 1.
431 2357 566 2414 Igitur
585 2371 704 2413 aquae
724 2355 985 2398 ascendentis
1005 2362 1046 2396 et
1066 2353 1368 2403 descendentis,
1400 2353 1485 2395 sive
1503 2360 1642 2394 motus
1661 2351 1862 2393 intensior

140 2430 193 2472 sit
211 2429 296 2471 sive
316 2428 539 2479 remissior,
560 2427 670 2469 vices
693 2442 836 2469 omnes
858 2435 954 2468 sunt
972 2425 1218 2467 isochronae.

199 2503 331 2544 Coroz.
353 2507 393 2543 2.
425 2502 471 2544 Si
489 2501 707 2558 longitudo
726 2514 846 2557 aquae
862 2499 992 2542 totius
1012 2499 1056 2540 in
1076 2497 1209 2540 canali
1227 2497 1282 2539 sit
1300 2496 1455 2552 pedum
1487 2495 1770 2538 Parisiensum
1791 2495 1858 2548 61}-
1895 2520 1899 2531 ·

183 2642 224 2685 (ἰ)
242 2645 258 2663 ⁸
283 2644 331 2675 Vn
345 2645 398 2675 illa
413 2650 456 2676 est
466 2644 588 2684 pondus
603 2643 808 2683 duplicatum,
823 2641 880 2672 διε.
923 2638 983 2672 Est
1025 2646 1056 2672 et
1070 2639 1103 2670 in
1118 2637 1254 2680 cycloide
1269 2643 1431 2679 aequantur
1451 2635 1626 2676 respective.
1674 2636 1734 2667 Sed
1756 2637 1859 2667 obser-

140 2687 224 2715 enim
242 2685 286 2715 vis
300 2684 355 2716 illa
368 2685 490 2725 pondus
503 2692 568 2716 tam
583 2694 673 2727 aquae
690 2686 720 2716 E
740 2686 771 2715 A
790 2685 819 2715 B
834 2681 871 2721 F,
887 2692 983 2724 quam
1026 2683 1160 2713 vandum
1177 2688 1223 2712 est
1236 2680 1426 2720 superficiem
1446 2681 1477 2710 A
1492 2680 1533 2716 B,
1549 2689 1614 2709 esse
1625 2678 1859 2719 locum-aequili-

143 2738 233 2768 nquae
250 2729 378 2768 aequalis
395 2729 422 2760 C
441 2729 471 2759 G
490 2729 526 2759 H
545 2729 587 2759 D.
1024 2725 1093 2762 brii,
1110 2724 1150 2755 ad
1165 2734 1257 2765 quem
1273 2734 1345 2754 cum
1360 2733 1439 2763 aqua
1453 2722 1599 2762 pervenit,
1623 2721 1711 2751 nulla
1726 2721 1860 2760 amplius

185 2769 232 2810 (ἱ)
251 2772 268 2789 ⁴*
286 2771 339 2800 Aa
361 2771 389 2800 V
401 2773 432 2802 1²
444 2782 498 2802 seu
515 2773 546 2802 P
559 2773 602 2801 R.
651 2768 864 2809 Semi-cyclois
888 2768 917 2798 P
935 2768 977 2806 R,
1021 2768 1053 2798 vi
1075 2766 1286 2798 accelerati-ice
1310 2771 1448 2806 urgetur,
1475 2764 1528 2794 sed
1555 2763 1715 2793 velocitate
1735 2770 1858 2793 tantum

141 2811 269 2853 aequalis
283 2818 328 2842 est
342 2812 528 2852 longitudini
545 2812 685 2852 penduli,
704 2814 774 2854 (per
792 2812 863 2842 Cor.
882 2810 974 2850 Prop.
1021 2808 1169 2851 acquisiti}³
1191 2808 1320 2839 ulterius
1341 2806 1499 2838 descendit
1519 2806 1566 2836 vel
1589 2805 1744 2843 ascendit;
1768 2805 1858 2836 sicuti

140 2854 181 2885 L.
204 2854 272 2884 Lib.
295 2854 354 2893 L).
1024 2863 1136 2891 corpus
1156 2851 1328 2890 pendulum
1347 2850 1374 2880 P
1389 2849 1465 2879 dum
1486 2849 1624 2887 pervenit
1638 2848 1670 2877 in
1686 2849 1790 2878 locum
1805 2858 1858 2889 cy-

184 2896 223 2938 (¹)
241 2901 313 2927 318·
342 2898 359 2915 ⁷*
378 2897 518 2938 Ide6q2oe,
533 2899 560 2928 si
573 2908 655 2937 aqua
675 2903 703 2927 et
714 2897 897 2936 pendulum,
921 2896 977 2926 ἃς.
1024 2894 1131 2926 cloidis
1144 2893 1288 2924 infimum
1306 2893 1334 2923 P
1355 2891 1420 2922 soli
1441 2891 1600 2921 velocitate
1621 2890 1769 2931 acquisita
1789 2901 1857 2921 mo.

143 2938 184 2970 Id
206 2938 474 2969 evidentissimum
495 2939 531 2969 fit
555 2939 581 2969 si
604 2939 726 2979 pondus
751 2939 778 2968 P
799 2938 893 2978 quod,
915 2948 982 2968 ma-
1024 2944 1120 2968 vetur.
1178 2935 1271 2967 Unde
1300 2944 1363 2975 quo
1394 2940 1531 2972 tempore
1562 2943 1643 2973 aqua
1674 2933 1856 2964 descensum

140 2987 234 3012 nente
256 2980 458 3011 oscillationis
471 2981 566 3011 unius
579 2988 718 3020 tempore
733 2986 832 3020 potest
846 2979 886 3010 ad
900 2980 980 3010 arbi-
1026 2989 1126 3010 unum
1148 2977 1276 3009 absolvit
1290 2977 1323 3006 in
1338 2986 1426 3007 crure
1440 2976 1587 3006 alterutro
1600 2976 1724 3012 oenalis,
1746 2975 1856 3007 eodem

139 3023 235 3054 trium
266 3022 394 3058 assumi,
425 3023 562 3061 capiatur
589 3023 709 3064 aequale
736 3020 866 3061 ponderi
891 3032 981 3062 aquae
1023 3018 1166 3060 tempore‘
1179 3019 1352 3060 pendulum
1366 3018 1588 3049 oscillationem
1609 3028 1704 3049 unam
1726 3028 1764 3049 ex
1786 3018 1855 3049 dee-

142 3066 238 3096 totius
253 3066 285 3095 in
302 3065 403 3095 canali
412 3077 422 3102 ;
438 3064 506 3095 tum
521 3065 604 3096 enim
612 3067 694 3096 vires
707 3065 860 3101 metrica,
873 3074 981 3095 massae
1023 3074 1117 3095 censu
1133 3069 1164 3093 et
1178 3072 1305 3093 ascensu
1321 3061 1521 3100 compositam
1535 3061 1663 3100 perficit,
1685 3060 1763 3092 duas
1784 3060 1856 3091 vero

143 3107 314 3144 movendae,
331 3113 362 3137 et
375 3107 472 3146 spatia
486 3106 696 3144 describenda,
709 3102 841 3147 ideoque
854 3112 885 3138 et
899 3113 977 3137 tem-
1021 3106 1224 3137 oscillationes
1245 3104 1374 3135 absolvit
1394 3103 1586 3134 inter-eadum
1606 3114 1687 3145 aqua
1699 3114 1717 3134 e
1732 3104 1800 3134 loco
1825 3103 1854 3133 Ε

139 3159 213 3188 pora
237 3150 350 3191 quibus
382 3149 478 3189 spatia
500 3149 553 3180 illa
577 3148 800 3186 deseribuntur,
823 3148 857 3179 in
878 3149 978 3180 canali
1021 3147 1179 3180 descendit
1192 3154 1224 3179 et
1237 3146 1275 3179 ad
1291 3146 1426 3178 eundem
1439 3145 1529 3178 redit.
