2066 3548
220 267 277 303 44·
638 258 1087 303 PHILOSOPHIAE
1119 258 1478 303 NATURAus
1556 259 1698 312 [Mox.
1721 247 1913 303 coum.

278 377 409 418 Corol.
433 381 471 418 3.
506 374 563 416 Et
581 374 877 425 universaliter,
909 375 943 415 si
962 373 1278 429 aequivelocibus
1299 373 1541 428 corporibus
1565 372 1767 415 resistitur
1785 375 1830 415 in
1848 376 1914 415 ra-

218 446 330 488 tione
350 447 558 504 dignitatis
578 447 856 502 cujuscunque
876 445 1192 487 diametrorum:
1215 446 1346 501 spatia
1360 445 1508 501 quibus
1519 445 1633 502 globi
1651 445 1912 504 homogenei,

220 518 530 574 quibuscunque
561 531 656 558 cum
682 516 964 558 velocitatibus
991 514 1111 565 moti,
1139 516 1325 558 amittent
1352 524 1489 571 partes
1517 524 1705 557 motuum
1737 528 1914 573 propor-

218 587 390 628 tionales
410 587 519 636 totis,
555 596 675 628 erunt
695 594 741 628 ut
759 586 854 627 cubi
881 586 1174 627 diametrorum
1202 586 1256 627 ad
1289 586 1531 642 dignitatem
1561 585 1673 627 illam
1708 586 1912 641 applicati.

222 655 354 696 Sunto
373 653 562 695 diametri
581 654 626 696 D
647 661 688 696 et
708 653 746 696 E
756 670 768 704 ;
789 663 831 696 et
851 655 884 696 si
904 655 1159 705 resistentiae,
1194 655 1266 696 ubi
1293 655 1527 698 velocitates
1556 656 1732 712 aequales
1752 671 1914 711 ponun-

219 731 299 775 tur,
322 724 404 766 sint
422 732 469 765 ut
489 724 532 766 D
547 730 566 748 ¹²
586 732 627 766 et
648 725 738 766 En:
770 726 901 780 spatia
921 726 1068 781 quibus
1087 725 1213 782 globi,
1243 726 1555 783 quibuscunque
1575 741 1671 769 cum
1692 727 1915 770 velocitati-

219 794 297 835 bus
318 794 432 844 moti,
464 795 651 836 amittent
669 803 805 850 partes
824 804 1011 837 motuum
1031 796 1360 851 proportionales
1389 797 1499 847 totis,
1532 805 1654 839 erunt
1672 805 1719 838 ut
1737 798 1782 839 D
1800 797 1818 822 ²⁵
1835 803 1933 830 '‘·¹¹<

218 873 262 907 et
297 865 335 907 E
364 865 382 889 ³
400 873 451 881 ·““
470 867 501 907 “ζ
563 866 619 908 Et
651 874 870 921 propterea
903 867 1017 923 globi
1054 866 1302 923 homogenei
1340 866 1611 910 describendo
1650 868 1781 923 spatia
1819 868 1916 923 ipsis

220 936 265 977 D
284 935 302 961 ⁵
313 945 364 954 “
378 943 397 961 ¹²
418 945 458 979 et
480 935 517 979 E
529 937 546 961 ³
560 945 612 953 “·
626 944 645 962 “
667 938 1003 993 proportionalia,
1026 938 1261 980 retinebunt
1279 938 1511 981 velocitates
1530 939 1576 980 in
1595 939 1739 982 eadem
1759 940 1917 986 ratione

206 1005 273 1047 ‘ad
287 1006 460 1049 invicem
481 1022 529 1049 ac
548 1008 625 1049 sub
645 1008 775 1050 initio.

277 1077 325 1132 (ο)
350 1079 480 1120 Corol.
501 1084 541 1120 4«.
585 1078 713 1128 Quod
733 1078 767 1120 si
786 1077 900 1134 globi
927 1092 1012 1118 non
1027 1078 1109 1118 sint
1136 1077 1396 1133 homogenei,
1430 1078 1608 1133 spatium
1627 1094 1652 1120 a
1670 1080 1797 1136 globo
1816 1081 1918 1122 den·

222 1147 330 1188 siore
349 1147 601 1203 descriptum
617 1147 760 1204 augeri
779 1146 902 1188 debet
921 1147 966 1187 in
984 1147 1143 1188 ratione
1163 1147 1385 1189 densitatis.
1430 1148 1575 1189 Motus
1591 1148 1713 1199 enim,
1737 1150 1813 1191 sub
1826 1151 1918 1205 pari

219 1217 447 1268 velocitate,
486 1220 617 1274 major
636 1227 698 1259 est
715 1219 759 1258 in
779 1218 936 1259 ratione
965 1217 1190 1268 densitatis,
1227 1227 1268 1259 et
1287 1226 1449 1274 tempus
1482 1223 1574 1276 (per
1592 1220 1700 1262 hanc
1722 1222 1918 1278 Proposi-

220 1290 391 1341 tionem)
414 1298 587 1345 augetur
606 1289 649 1330 in
668 1290 827 1331 ratione
838 1298 975 1331 motus
995 1289 1161 1340 directe,
1183 1304 1231 1331 ac
1244 1292 1421 1345 spatium
1433 1293 1684 1349 descriptum
1699 1294 1743 1336 in
1758 1295 1917 1338 ratione

220 1361 432 1415 temporis.

277 1431 328 1486 (ἀ)
357 1433 486 1473 Corol.
510 1436 548 1472 5.
592 1430 648 1472 Et
667 1431 701 1471 si
720 1431 834 1487 globi
854 1439 1097 1472 moveantur
1115 1432 1160 1473 in
1179 1432 1323 1474 mediis
1350 1432 1520 1494 diversis
1531 1451 1544 1485 3
1575 1437 1750 1491 spatium
1769 1437 1813 1478 in
1831 1451 1920 1479 me-

220 1497 303 1553 dio,
327 1503 439 1559 quod
458 1503 616 1544 caeteris
635 1502 803 1558 paribus
822 1503 953 1559 magis
973 1503 1137 1554 resistit,
1160 1503 1473 1546 diminuendum
1492 1507 1571 1549 erit
1590 1508 1633 1548 in
1652 1509 1812 1550 ratione
1831 1523 1919 1550 ma-

214 1575 317 1630 joris
338 1576 590 1617 resistentiae.
651 1575 837 1630 Tempus
856 1575 966 1616 enim
987 1577 1079 1629 (per
1098 1575 1206 1616 hanc
1228 1576 1575 1631 Propositionem)
1607 1579 1856 1622 diminuetur
1875 1581 1918 1622 in

219 1649 377 1691 ratione
397 1648 636 1691 resistentiae
657 1655 801 1697 auctae,
823 1656 865 1689 et
884 1647 1060 1702 spatium
1079 1647 1123 1688 in
1143 1647 1301 1689 ratione
1321 1649 1529 1703 temporis.

868 1844 917 1899 (e)
949 1843 1181 1888 LEMMA
1212 1843 1271 1886 11.

219 1973 461 2015 Momentum
488 1973 637 2026 genitae
669 1977 849 2025 cequatur
875 1972 1075 2013 momentis
1103 1973 1270 2012 laterum
1303 1972 1542 2026 singulorum
1566 1974 1845 2026 generantium
1873 1973 1918 2013 in

316 2045 523 2086 eorundem
542 2045 708 2085 laterum
728 2044 877 2084 indices
896 2044 1135 2098 dignitatum
1156 2050 1194 2084 et
1213 2043 1467 2099 coffcimtia
1479 2042 1662 2084 continue?
1681 2045 1819 2086 ductis.

276 2173 471 2215 Genitam
491 2188 595 2215 voco
615 2173 883 2229 quantitatem
903 2187 1081 2223 omnem,
1116 2187 1211 2228 quae
1239 2186 1292 2214 ex
1321 2172 1516 2214 lateribus
1536 2173 1602 2215 vel
1621 2173 1805 2215 terminis
1825 2174 1915 2229 qui-

215 2245 455 2301 buscunque
467 2246 508 2286 in
525 2244 779 2286 arithmetica
795 2258 870 2299 per
883 2244 1278 2299 multiplicationem,
1296 2243 1550 2294 divisionem,
1565 2250 1607 2285 et
1618 2244 1914 2285 extractionem

215 2317 423 2367 radicum3
454 2318 498 2358 in
518 2316 742 2374 geometria
771 2330 848 2371 per
879 2316 1157 2357 inventionem
1176 2315 1242 2356 vel
1261 2322 1548 2357 contentorum
1567 2322 1609 2356 et
1627 2314 1814 2365 laterum,
1848 2316 1914 2357 vel

216 2396 490 2430 extremarum
512 2397 553 2430 et
571 2388 800 2429 mediarum
814 2387 1196 2442 proportionalium,
1231 2387 1318 2428 siue
1347 2386 1555 2428 additione
1582 2395 1622 2428 et
1642 2387 1914 2430 subductione

216 2468 448 2516 generatur.
508 2459 725 2515 Ejusmodi
751 2459 996 2514 quantitates
1020 2459 1122 2499 'sunt
1153 2458 1260 2507 facti,
1297 2458 1424 2512 quoti,
1452 2458 1624 2508 radices,
1659 2460 1910 2516 rectangula,

216 2532 427 2587 quadrata,
450 2531 557 2581 cubi,
578 2531 707 2572 latera
719 2530 930 2586 quadrata,
952 2529 1079 2572 latera
1100 2530 1256 2581 cubica,
1278 2539 1318 2571 et
1332 2530 1495 2572 similes.
1543 2531 1637 2573 Has
1651 2532 1911 2587 quantitates,

217 2673 340 2757 (2835.
358 2672 574 2755 {1²5⁰ss1323353l‘
583 2670 1044 2754 Ξέἒῦὲἳῗὲῗῗῗέἰδῑᾶῗῗῗῖῗ
1087 2702 1124 2728 ut
1142 2707 1160 2727 a
1177 2696 1210 2728 1>
1226 2696 1241 2711 ¹²
1256 2706 1273 2727 c
1287 2706 1315 2734 c·
1337 2701 1369 2727 et
1392 2695 1465 2736 quia
1486 2706 1501 2726 s
1522 2702 1567 2727 est
1586 2703 1622 2727 ut
1635 2670 1650 2701 ³
1667 2671 1730 2753 ΒΞ
1745 2682 1761 2702 ⁰
1776 2682 1803 2735 ἵ
1817 2698 1907 2740 ‹cor-

215 2757 231 2788 δ
248 2758 280 2788 D
285 2760 306 2839 τί*
321 2768 338 2787 c
352 2767 378 2813 c·
429 2783 534 2819 Qum?
556 2783 583 2814 si
611 2788 742 2822 ponatur
766 2781 936 2812 resistentia
960 2791 985 2818 r,
1007 2786 1044 2811 ut
1086 2791 1135 2831 4.)
1152 2791 1204 2822 fiet
1217 2801 1233 2821 s
1246 2763 1388 2847 ωἰὲἶ
1396 2773 1416 2846 ἰ
1426 2774 1453 2846 ἒ,
1476 2799 1531 2821 seu
1545 2796 1582 2821 ut
1596 2764 1612 2795 δ
1622 2765 1655 2795 D
1666 2766 1731 2846 :L—
1744 2766 1912 2831 n'spfflum

218 2852 251 2883 D
269 2852 283 2867 ¹¹
299 2861 316 2882 0
331 2862 357 2889 c,
380 2851 437 2882 erit
451 2862 465 2881 s
475 2858 511 2900 ut
524 2852 539 2882 δ
557 2852 589 2883 D
605 2853 619 2875 ³
631 2863 670 2870 -·
684 2851 709 2887 “»
725 2851 784 2881 ¹10⁰
798 2855 853 2888 est,
869 2849 1002 2889 spatium
1017 2859 1042 2897 ³!
1087 2860 1182 2900 igitur
1196 2857 1434 2890 diminueudum
1455 2864 1500 2890 est
1513 2859 1546 2888 in
1559 2858 1676 2889 ratione
1689 2859 1812 2900 maJoris
1825 2859 1913 2899 resis-

215 2894 299 2934 quod
322 2893 394 2924 data
414 2893 562 2924 densuate
583 2894 609 2931 δ,
632 2899 697 2925 erat
709 2899 745 2924 ut
761 2893 794 2924 D
805 2894 820 2916 ³
834 2905 873 2912 -·
885 2892 911 2930 ¹¹,
937 2901 1044 2932 augeri
1086 2902 1199 2932 tentiae.

215 2936 307 2967 debet
320 2937 353 2966 in
367 2935 484 2966 ratione
499 2935 654 2967 densitatis
667 2935 691 2967 δ·
1130 2944 1176 2986 (²)
1200 2945 1217 2964 ⁶
1241 2945 1329 2976 Lem.
1350 2943 1399 2973 ΙΙ.
1432 2943 1548 2973 Totum
1569 2943 1651 2973 istud
1675 2943 1807 2975 Lemma
1826 2953 1912 2975 num.

258 2991 304 3033 (ὖ)
322 2993 338 3011 *
359 2993 452 3023 Corol.
472 2993 501 3022 5.
531 2991 714 3022 Resistentia
728 3001 752 3027 r,
768 3000 838 3032 quae
852 2988 923 3021 ante
937 2994 1001 3020 erat
1008 2994 1045 3019 ut
1090 2990 1158 3017 137.
1175 2992 1205 3017 et
1215 2986 1411 3027 sequentibus
1421 2984 1492 3016 Lib.
1511 2986 1538 3017 Ι.
1551 2985 1618 3017 fuse
1630 2986 1802 3025 expositum
1811 2985 1913 3017 vident

216 3034 249 3064 D
267 3034 282 3048 “
298 3044 314 3064 c
330 3045 355 3070 c,
383 3040 531 3075 augeatur
554 3034 587 3064 in
608 3034 725 3066 ratione
738 3032 845 3075 quavis
858 3043 886 3072 a,
900 3042 953 3063 seu
971 3031 1010 3062 sit
1030 3041 1045 3061 r
1087 3029 1189 3061 lector.
