2066 3548
157 273 306 316 Lam
329 273 548 327 Saum]
591 267 913 317 PR1N01P1A
945 245 1439 318 MA'FHEMATICA.
1766 276 1869 321 ssos

156 390 247 440 tias,
278 390 364 431 sive
383 398 431 432 ut
450 390 737 432 translationes
752 389 908 443 directe
928 398 970 431 et
990 390 1194 432 distantiae
1213 390 1374 432 inverse
1385 407 1396 441 ;
1426 390 1508 432 hoc
1534 399 1607 442 est,
1638 393 1868 447 conjunctis

152 463 380 507 rationibus
418 472 466 506 ut
504 464 600 506 cubi
637 463 923 505 distantiarum
955 463 1129 505 inverse.
1191 462 1334 514 Quare
1373 464 1408 505 si
1441 464 1496 505 ad
1532 472 1657 506 rectae
1694 465 1867 507 infinitae

157 533 187 575 S
208 533 249 574 A
272 534 310 575 B
333 534 370 575 C
389 535 434 576 D
457 534 496 576 E
517 535 562 584 Q
588 543 727 589 partes
755 534 936 591 singulas
967 535 1179 592 erigantur
1207 535 1504 590 perpendicula
1525 536 1567 577 A
1585 551 1623 587 a,
1646 537 1684 578 B
1704 537 1745 587 b,
1770 538 1806 579 C
1828 553 1863 589 c,

154 605 199 647 D
219 605 260 656 d,
293 606 331 647 E
351 621 388 656 e,
420 607 495 648 &c.
531 606 715 661 ipsarum
753 606 783 648 S
804 607 857 656 A,
882 606 912 648 S
934 606 984 656 B,
1010 607 1040 648 S
1061 606 1111 656 C,
1136 607 1166 648 S
1186 606 1245 656 D,
1270 607 1301 648 S
1322 606 1374 657 E,
1395 608 1471 648 &c.
1507 607 1622 648 cubis
1655 607 1866 663 reciproce

151 677 488 732 proportionalia,
510 685 632 718 erunt
652 691 824 718 summae
840 676 1176 726 differentiarum,
1199 676 1281 718 hoc
1292 685 1368 727 est,
1389 685 1527 719 motus
1541 678 1617 719 toti
1630 679 1862 736 angulareS‚

153 759 199 790 ut
218 750 515 805 respondentes
536 764 709 791 summae
729 750 932 791 linearum
959 751 999 790 A
1021 765 1058 801 a,
1082 750 1119 791 B
1138 749 1180 800 b,
1205 749 1242 791 C
1261 763 1298 800 c,
1320 749 1365 791 D
1386 749 1427 800 d,
1451 750 1490 791 E
1510 765 1556 791 e:
1585 750 1630 791 id
1649 759 1712 792 est
1739 751 1791 807 (si
1810 752 1864 793 ad

152 824 483 865 constituendum
504 824 686 865 medium
705 823 964 864 uniformiter
982 822 1170 872 fluidum,
1201 836 1397 883 numerus
1418 821 1582 863 orbium
1601 831 1801 880 augeatur
1821 833 1863 866 et

150 896 325 939 latitudo
345 899 556 940 minuatur
575 899 619 939 in
638 897 865 948 infinitum)
896 905 941 938 ut
962 910 1068 937 areae
1087 894 1368 951 hyperbolicae
1388 894 1453 936 his
1473 896 1644 936 summis
1675 896 1862 954 analogae

153 969 189 1009 A
213 983 238 1009 a
259 968 314 1020 Q,
338 969 376 1010 B
396 970 424 1010 b
446 970 502 1020 Q,
528 970 564 1011 C
585 984 607 1010 c
629 969 686 1019 Q,
704 969 749 1011 D
771 968 800 1009 d
821 968 877 1017 Q,
901 968 939 1009 E
959 980 983 1009 e
1004 968 1060 1017 Q,
1083 969 1159 1009 &c.
1221 968 1277 1009 Et
1296 976 1484 1022 tempora
1509 967 1719 1023 periodica
1739 972 1860 1013 moti-

148 1038 228 1079 bus
248 1040 514 1096 angularibus
535 1038 746 1095 reciproce
774 1038 1099 1094 proportionalia
1129 1046 1251 1080 erunt
1279 1039 1403 1080 etiam
1431 1038 1496 1080 his
1525 1040 1630 1081 areis
1650 1042 1861 1098 reciproce

148 1113 486 1167 proportionalia.
546 1113 625 1155 Est
639 1109 644 1113 ’
659 1113 787 1169 igitur
820 1119 983 1166 tempus
1021 1111 1281 1166 periodicum
1322 1111 1434 1152 orbis
1474 1111 1651 1166 cujusvis
1689 1114 1736 1156 D
1765 1115 1788 1157 I
1819 1116 1861 1158 O

149 1184 360 1238 reciproce
398 1192 445 1226 ut
478 1199 574 1226 area
604 1184 649 1226 D
678 1183 707 1224 d
738 1183 794 1234 Q,
835 1183 916 1224 hoc
947 1191 1020 1234 est,
1060 1198 1136 1238 per
1172 1190 1292 1224 notas
1323 1196 1543 1224 curvarum
1574 1185 1858 1240 quadraturas,

151 1258 200 1311 (⁰)
224 1256 379 1299 directe
396 1265 443 1298 ut
462 1257 709 1314 quadratum
729 1255 935 1298 distantiae
957 1258 987 1299 S
1007 1256 1065 1298 D.
1126 1257 1179 1312 (P)
1202 1256 1252 1298 Id
1273 1256 1385 1313 quod
1403 1256 1515 1298 volui
1529 1258 1666 1313 prime
1687 1259 1859 1302 demon-

149 1333 292 1368 strare.

209 1388 437 1452 (⁹)1Cas22.
480 1398 521 1440 A
541 1407 684 1440 centro
713 1396 888 1453 sphaerae
917 1397 1122 1440 ducantur
1148 1398 1322 1441 infinitae
1349 1407 1474 1440 rectae
1502 1398 1626 1455 quam
1651 1401 1855 1455 plurimae,

150 1485 244 1525 quae
265 1485 359 1511 cum
385 1485 464 1515 axe
493 1471 611 1512 datos
633 1470 869 1512 contineant
897 1471 1083 1528 angulos,
1119 1471 1345 1527 aequalibus
1375 1471 1612 1514 differentiis
1641 1487 1686 1514 se
1714 1481 1858 1515 mutuo

193 1616 240 1656 (ο)
264 1619 281 1636 ⁰
297 1617 422 1649 Directb
445 1625 481 1650 ut
509 1621 698 1660 quadratum
722 1620 874 1650 distantia
898 1622 922 1650 S
933 1622 979 1651 D.

153 1659 246 1689 Areae
273 1660 306 1690 D
329 1660 350 1690 d
375 1661 407 1696 Q
430 1668 625 1691 momentum
655 1668 700 1692 est
732 1662 764 1692 D
787 1661 858 1698 d><
881 1662 913 1692 D
938 1663 980 1699 E,

149 1700 290 1741 ideoque,
313 1704 352 1732 ob
374 1703 544 1733 ordinatam
563 1704 596 1734 D
611 1703 632 1734 d
647 1706 728 1734 cubo
748 1704 888 1734 abscissae
911 1704 932 1734 S
951 1705 984 1734 D

149 1743 312 1782 reciproce·
327 1745 599 1784 proportionalem,
621 1752 815 1776 momentum
836 1745 917 1777 illud
938 1753 984 1777 est

1024 1623 1157 1662 'quatuor
1171 1618 1228 1653 sibi
1242 1621 1416 1663 contiguos,
1439 1633 1541 1654 unum
1563 1623 1740 1655 interiorem
1756 1633 1793 1654 ex
1808 1633 1855 1654 re-

1026 1664 1184 1695 volutione
1199 1665 1309 1706 figurae
1323 1676 1356 1695 m
1367 1677 1387 1696 a
1397 1666 1419 1696 d
1433 1675 1465 1701 n,
1482 1666 1612 1696 alterum
1628 1666 1807 1697 exteriorem
1817 1675 1855 1696 ex

1027 1707 1219 1738 revolutione
1233 1708 1344 1748 figurae
1358 1709 1379 1739 b
1393 1719 1411 1738 e
1424 1708 1443 1738 f
1452 1719 1479 1745 c,
1506 1715 1537 1738 et
1559 1709 1638 1740 duos
1658 1708 1797 1739 laterales
1818 1718 1856 1739 ex

1026 1749 1218 1780 revolutione
1243 1750 1415 1789 figurarum
1439 1750 1462 1780 k
1475 1752 1496 1781 b
1510 1761 1529 1780 a
1542 1751 1554 1780 l
1568 1757 1599 1782 et
1613 1761 1631 1781 c
1645 1761 1668 1791 g
1681 1752 1703 1781 h
1715 1751 1746 1780 d.
1797 1750 1856 1780 At-

218 1799 251 1828 D
264 1799 294 1829 E
1025 1792 1101 1822 tritu
1125 1792 1279 1822 interioris
1299 1799 1332 1823 et
1351 1793 1509 1824 exterioris
1531 1803 1593 1823 non
1609 1799 1708 1832 potest
1721 1793 1856 1823 annulus

344 1831 377 1855 et
396 1831 557 1865 Propterea
579 1827 650 1868 (per
673 1825 743 1856 0³⁸—
759 1829 790 1856 4·
816 1825 906 1857 Lem·
927 1826 977 1856 ῙῙ·
1025 1834 1238 1874 unusquisque
1253 1835 1312 1865 nisi
1327 1835 1361 1865 in
1374 1841 1463 1865 motu
1474 1835 1565 1875 juxta
1575 1836 1676 1876 legem
1691 1834 1856 1874 casiispri-

1023 1876 1068 1906 mi
1083 1873 1176 1913 facto,
1191 1877 1349 1917 aequaliter
1362 1884 1393 1908 et
1406 1877 1440 1908 in
1454 1884 1555 1916 partes
1566 1878 1731 1908 contrarias
1739 1877 1854 1918 urgeri.

1026 1918 1177 1959 Alioquin
1190 1926 1292 1959 partes
1305 1919 1393 1950 fluidi
1402 1930 1468 1951 non
1482 1927 1708 1960 perseverarent
1721 1920 1754 1950 in
1766 1926 1854 1951 motu

150 1830 318 1882 ntsn³’

153 1918 242 1949 Libri
266 1918 376 1961 hujus)
402 1930 472 1951 area
492 1919 593 1950 fluens
609 1920 642 1951 D
657 1919 679 1951 d
697 1920 728 1956 Q
743 1926 789 1951 est
803 1926 839 1951 ut

152 1997 223 2026 quae
243 1987 386 2028 negativa
406 1988 518 2027 prodit,
540 1988 614 2028 quia
626 1998 691 2019 non
704 1988 824 2030 adjacet
842 1948 981 2020 azsclilzsste

154 2029 188 2059 D
207 2030 237 2065 S,
265 2030 319 2060 sed
343 2030 378 2059 in
400 2030 524 2071 plagam
548 2030 732 2061 contrariam
756 2031 790 2061 D
813 2031 847 2067 Q
869 2032 976 2071 vergit.

155 2071 216 2102 Est
243 2072 340 2113 igitur
366 2078 490 2112 tempus
517 2072 707 2112 periodicum
736 2072 818 2114 orbis
845 2073 980 2113 cujusvis

155 2139 189 2170 D
207 2140 226 2170 1
244 2139 274 2171 o
290 2139 444 2180 reciproce
458 2146 496 2171 ut
510 2118 626 2198 §.B-2,
647 2140 708 2171 hoc
729 2145 785 2178 est,
810 2139 925 2171 directe
945 2146 982 2171 ut

153 2208 340 2249 quadratum
353 2203 506 2240 distantiae
524 2209 545 2240 S
562 2210 606 2240 D.
737 2198 754 2207 ’Δ

198 2265 244 2307 (⁹)
263 2267 279 2284 '
297 2267 338 2297 Id
352 2267 433 2306 quod
446 2267 527 2297 volui
542 2265 644 2306 prime
659 2268 874 2298 demonstrare.
921 2266 981 2297 Ca-

153 2307 206 2339 sus
219 2307 311 2347 primi
325 2307 545 2338 demonstratio
559 2308 646 2344 valet,
662 2308 689 2338 si
702 2309 841 2339 medium
855 2310 982 2348 sphaerae

153 2349 378 2381 circumfusum
399 2360 437 2380 ex
458 2351 628 2381 innumeris
649 2351 774 2382 orbibus
798 2351 913 2389 solidis,
935 2357 981 2381 te-

153 2392 311 2423 nuissimis
325 2403 361 2423 ac
375 2393 574 2424 concentricis
595 2400 735 2425 constare
748 2393 892 2435 fingatur.
940 2393 981 2423 In

154 2435 275 2467 ensibus
289 2435 426 2465 secundo
439 2441 471 2466 et
484 2436 574 2466 tertio
588 2436 704 2476 singuli
718 2435 765 2466 illi
780 2438 868 2466 orbes
881 2437 982 2476 sphae-

153 2477 209 2508 rici
224 2478 257 2507 in
272 2477 451 2508 innumeros
472 2478 613 2515 annulos,
639 2485 671 2508 et
688 2478 798 2508 annuli
813 2479 927 2519 singuli
948 2478 983 2508 in

154 2521 351 2551 tenuissimas
380 2520 553 2559 particulas,
582 2520 622 2551 ad
646 2521 896 2551 constituendum
916 2530 982 2551 me-

155 2562 245 2593 dium
258 2562 400 2599 fluidum,
417 2563 608 2594 dividuntur.

199 2618 245 2661 (⁸²)
262 2621 281 2639 ⁰
299 2622 365 2652 Cas.
383 2623 413 2650 2.
451 2620 483 2650 A
508 2625 613 2651 centro
637 2621 763 2659 sphaerae
788 2621 810 2651 S
831 2619 984 2651 ducantur

156 2668 248 2692 rectae
262 2672 354 2702 quam
372 2662 524 2702 plurimae,
547 2663 744 2704 longitudine
765 2662 895 2693 infinitae
912 2663 934 2693 S
947 2663 980 2701 k,

160 2705 183 2735 S
196 2705 227 2740 b,
245 2704 267 2734 S
280 2714 308 2741 c,
326 2705 348 2734 S
361 2715 392 2746 g,
414 2707 484 2742 δια,
499 2715 570 2745 quae
584 2705 716 2745 aequales
729 2705 862 2746 angulos
874 2705 897 2734 k
914 2706 936 2735 S
948 2707 980 2743 b,

156 2747 179 2777 b
195 2747 217 2777 S
231 2756 259 2783 c,
281 2756 298 2776 c
315 2747 378 2788 Sg,
404 2748 461 2778 διε.
480 2748 741 2787 complectantur-3
768 2754 800 2778 et
822 2747 871 2778 his
894 2748 984 2778 rectis

158 2788 239 2820 circa
253 2798 342 2819 axem
362 2789 390 2819 P
405 2790 439 2820 X
454 2791 601 2822 revolutis
622 2797 653 2820 et
673 2790 850 2829 superficies
864 2790 985 2820 conioes

158 2831 407 2870 describentibus,
430 2833 556 2872 concipe
578 2834 667 2864 orbes
688 2833 721 2862 in
742 2832 876 2863 annulos
888 2831 982 2862 innu-

158 2883 260 2903 meros
283 2874 386 2904 secari.
428 2875 512 2906 Nam
535 2875 609 2907 cum
634 2874 810 2914 superficies
836 2875 865 2905 P
878 2874 898 2904 f
914 2885 932 2905 e
947 2875 983 2906 X

158 2916 239 2946 circa
259 2926 348 2946 axem
372 2916 401 2946 P
417 2917 450 2947 X
472 2918 646 2954 revolvitur,
673 2917 788 2957 singuli
813 2927 903 2947 arcus
916 2917 939 2947 k
951 2919 982 2954 b,

158 2959 180 2988 b
193 2968 220 2994 c,
247 2969 264 2988 c
278 2969 309 2998 g,
336 2969 354 2989 e
368 2959 391 2996 f,
408 2969 426 2989 a
447 2959 480 2996 l,'
494 2961 549 2991 διο.
578 2960 732 2999 portiones
754 2959 984 2999 superficierum

160 3000 378 3039 sphaericarum
400 3002 563 3033 annulares
584 3003 769 3036 describunt,
793 3008 824 3032 et
838 3002 988 3040 particula

159 3043 305 3083 quaelibet
319 3050 355 3074 ut
368 3045 388 3074 b
403 3054 420 3074 c
434 3044 455 3074 d
469 3055 496 3080 a,
518 3045 660 3075 describit
673 3045 825 3075 annulum
840 3045 984 3075 solidum.

163 3085 313 3116 Annulus
337 3087 557 3127 unusquisque,
581 3094 619 3118 ut
642 3087 696 3118 ille
719 3087 774 3127 qui
794 3086 984 3117 revolutione

161 3128 332 3168 superficiei
345 3139 372 3159 .a
385 3130 406 3160 b
419 3139 437 3159 c
451 3130 472 3160 d
494 3129 682 3166 describitur,
706 3129 829 3160 habebit
853 3130 984 3160 annulos

1026 2754 1084 2775 suo
1108 2743 1311 2781 uniformiter,
1336 2743 1390 2774 sed
1414 2743 1615 2774 intermedius
1639 2743 1698 2775 iste
1718 2745 1854 2777 annulus

1029 2790 1150 2828 (contra
1166 2786 1272 2826 Hyp.)
1289 2786 1322 2816 in
1337 2792 1424 2816 motu
1439 2795 1497 2816 suo
1510 2786 1730 2818 acceleraretur
1743 2788 1791 2818 vel
1805 2799 1854 2819 re.

1024 2830 1205 2864 tardaretur,
1230 2835 1266 2859 ut
1280 2828 1319 2859 de
1332 2828 1457 2859 orbibus
1479 2829 1607 2869 integris
1629 2836 1788 2860 ostensum
1808 2838 1855 2863 est

1024 2873 1059 2902 in
1074 2882 1144 2902 casu
1161 2872 1271 2911 primo.
1318 2872 1364 2902 Et
1381 2877 1540 2911 propterea
1554 2874 1742 2904 annulorum
1764 2875 1853 2906 series

1027 2916 1164 2955 quaelibet
1183 2925 1204 2943 a
1222 2915 1306 2953 globo
1331 2914 1366 2944 in
1387 2915 1546 2956 infinitum
1571 2920 1652 2945 recta
1673 2925 1802 2955 pergens
1823 2923 1856 2947 et

1026 2958 1107 2987 inter
1127 2956 1204 2986 duas
1225 2955 1380 2994 proximas
1393 2956 1568 2995 superficies
1581 2957 1702 2987 conicas
1715 2968 1854 2998 compre-

1030 3001 1133 3032 hensa.
1159 2998 1259 3039 qualis
1273 3003 1319 3028 est
1332 2997 1424 3028 series
1437 2999 1625 3029 annulorum
1648 3009 1725 3040 quos
1745 3000 1855 3041 figurae

1031 3041 1132 3072 mad
1149 3039 1458 3077 n‚abcd,befc,
1484 3042 1540 3072 ἃς.
1570 3041 1650 3071 circa
1667 3052 1756 3072 axem
1777 3044 1854 3073 Px

1025 3090 1133 3115 rotatae
1141 3083 1327 3121 describunt,
1339 3084 1503 3119 movebitur
1508 3095 1566 3124 pro
1580 3086 1642 3124 lege
1652 3084 1740 3117 castis
1749 3087 1827 3125 prim
1832 3088 1853 3123 i,

1026 3129 1094 3164 nisi,
1110 3127 1165 3157 διε.
