2066 3548
145 249 294 292 Lusi-:n
311 247 528 300 Saeuum]
572 247 894 291 PRINCIPIA
926 248 1420 293 MATHEMATICA.
1775 258 1858 296 229

145 364 268 406 citate
287 363 513 421 cylindrus,
534 371 722 420 tempore
743 363 931 414 cadendi,
955 364 1234 420 quadruplum
1254 364 1526 422 longitudinis
1539 380 1626 406 suae
1639 366 1858 409 describet.

147 434 398 477 Resistentia
426 442 565 476 autem
595 434 782 491 cylindri,
813 433 889 475 hac
916 434 1130 477 velocitate
1157 434 1384 477 secundum
1409 435 1712 493 longitudinem
1742 453 1860 480 suam

142 505 459 562 progredientis,
482 505 626 547 eadem
646 513 707 547 est
727 520 822 546 cum
842 505 1072 548 resistentia
1093 506 1244 548 circelli
1266 510 1358 562 (per
1374 507 1549 549 Lemma
1566 508 1661 560 IV.)
1682 509 1860 565 ideoque

123 577 314 634 ⁸aequalis
336 586 399 619 est
417 579 458 619 vi
478 577 559 634 qua
578 585 714 618 motus
745 578 845 633 ejus,
879 577 1138 619 intereadum
1162 578 1442 634 quadruplum
1470 579 1740 636 longitudinis
1771 594 1858 621 suae

143 647 351 699 describit,
376 647 420 704 (f)
441 648 631 705 generari
650 656 788 703 potest
809 648 1136 705 quamproxime.

204 722 250 764 Si
268 721 487 779 longitudo
507 721 684 777 cylindri
711 730 913 779 augeatur
940 723 1006 764 vel
1035 722 1257 773 minuatur,
1287 729 1425 763 motus
1446 723 1533 777 ejus
1553 731 1600 764 ut
1621 732 1662 765 et
1681 731 1858 779 tempus,

143 807 226 850 quo
245 792 524 849 quadruplum
543 792 817 850 longitudinis
838 809 926 835 suae
945 793 1154 845 describit,
1179 797 1232 848 (Β)
1253 793 1474 850 augebitur
1492 794 1558 834 vel
1577 794 1788 835 minuetur
1815 795 1860 835 in

142 863 288 906 eadem
308 865 480 916 ratione,
503 864 681 921 ideoque
701 865 761 907 vis
781 865 864 915 illa,
887 864 968 921 quii
989 873 1126 906 motus
1147 871 1291 906 auctus
1312 864 1379 906 vel
1398 864 1638 914 diminutus,
1670 872 1859 920 tempore

140 936 296 992 pariter
325 944 447 978 aucto
465 936 531 978 vel
552 936 768 987 diminuto,
801 936 993 993 generari
1021 936 1087 977 vel
1116 935 1207 977 tolli
1235 935 1379 990 possit,
1413 949 1499 975 non
1527 935 1778 984 mutabitur3
1811 949 1860 976 ac

140 1009 317 1064 proinde
347 1009 573 1050 etiamnum
602 1008 775 1065 aequalis
793 1016 855 1050 est
880 1009 1124 1050 resistentiae
1154 1007 1344 1064 cylindri,
1377 1022 1475 1048 nam
1504 1014 1545 1048 et
1572 1006 1664 1048 haec
1693 1021 1861 1063 quoque

140 1080 357 1122 immutata
375 1087 516 1121 manet
533 1094 609 1135 per
629 1080 805 1122 Lemma
826 1081 903 1122 IV.

201 1151 252 1208 (¹¹)
277 1152 322 1194 Si
342 1151 522 1194 densitas
543 1151 717 1208 cylindri
746 1160 948 1209 augeatur
967 1152 1034 1193 vel
1052 1152 1276 1202 minuatur,
1307 1158 1444 1192 motus
1465 1152 1551 1206 ejus
1570 1158 1618 1192 ut
1637 1158 1678 1192 et
1697 1150 1758 1192 vis
1779 1150 1860 1206 qua

141 1231 278 1265 motus
309 1223 456 1265 eodem
486 1231 674 1278 tempore
694 1224 886 1280 generari
905 1223 971 1264 vel
991 1223 1081 1264 tolli
1099 1230 1250 1278 potest,
1282 1223 1325 1263 in
1346 1222 1492 1263 eadem
1511 1222 1671 1263 ratione
1692 1222 1862 1278 augebi-

139 1303 209 1338 tur
223 1297 288 1338 vel
307 1296 533 1337 minuetur.
579 1297 832 1338 Resistentia
851 1297 990 1353 itaque
1011 1297 1187 1353 cylindri
1207 1297 1488 1352 cujuscunque
1508 1296 1587 1337 erit
1607 1296 1660 1337 ad
1679 1297 1763 1337 vim
1779 1294 1860 1351 qua

142 1375 253 1410 totus
274 1369 361 1424 ejus
381 1374 532 1418 motus,
563 1368 823 1410 intereadum
852 1368 1132 1424 quadruplum
1161 1367 1431 1424 longitudinis
1451 1382 1538 1408 suae
1558 1367 1765 1417 describit,
1798 1365 1863 1407 vel

143 1440 335 1496 generari
354 1441 487 1495 possit
505 1439 571 1482 vel
600 1440 703 1492 tolli,
739 1448 786 1482 ut
813 1441 996 1483 densitas
1025 1440 1152 1482 medii
1171 1440 1226 1482 ad
1245 1440 1491 1482 densitatem
1511 1439 1689 1496 cylindri
1717 1453 1862 1495 quam-

141 1509 346 1565 proxime.
408 1510 464 1560 Q.
487 1526 523 1552 e.
545 1511 586 1553 d.

202 1580 399 1622 Fluidum
429 1590 568 1623 autem
597 1583 816 1638 comprimi
844 1582 968 1625 debet
986 1591 1032 1625 ut
1053 1584 1105 1625 sit
1125 1583 1386 1633 continuum,
1418 1582 1462 1637 (¹)
1491 1583 1734 1624 continuum
1762 1580 1862 1622 vero

141 1667 231 1696 esse
251 1653 375 1695 debet
394 1661 436 1695 et
454 1667 540 1695 non
561 1654 787 1707 elasticum,
819 1663 866 1697 ut
893 1656 1053 1711 pressio
1073 1656 1221 1706 omnis,
1254 1671 1348 1711 quae
1368 1656 1421 1696 ab
1442 1657 1530 1711 ejus
1551 1655 1860 1710 compressione

141 1726 284 1777 oritur,
314 1735 570 1784 propagetur
589 1729 633 1769 in
652 1729 835 1780 instanti,
867 1738 909 1771 et
927 1730 972 1782 in
992 1744 1136 1771 omnes
1157 1729 1260 1770 moti
1279 1728 1465 1783 corporis
1486 1736 1626 1783 partes
1647 1726 1863 1782 aequaliter

140 1799 303 1856 agendo
337 1800 612 1858 resistentiam
640 1816 728 1843 non
756 1810 900 1844 mutet.
962 1802 1128 1844 Pressio
1160 1802 1316 1858 utique,
1352 1816 1446 1857 quae
1473 1817 1499 1843 a
1528 1809 1645 1842 motu
1675 1800 1861 1855 corporis

140 1872 284 1923 oritur,
317 1866 572 1929 impenditur
600 1875 646 1916 in
674 1883 835 1917 motum
863 1875 1044 1930 partium
1073 1875 1191 1916 fluidi
1222 1865 1507 1931 generandum
1527 1881 1570 1915 et
1588 1873 1862 1914 resistentiam

141 1953 265 1987 creat.
326 1947 492 1989 Pressio
521 1956 659 1990 autem
690 1964 784 2005 quae
814 1950 947 1991 oritur
967 1965 992 1991 a
1012 1949 1318 2004 compressione
1346 1948 1477 1998 fluidi,
1514 1956 1724 2003 utcunque
1745 1947 1861 1988 fortis

142 2016 206 2067 sit,
242 2017 278 2058 si
308 2027 562 2075 propagetur
590 2020 634 2060 in
660 2020 838 2071 instanti,
875 2021 1036 2063 nullum
1067 2029 1238 2078 generat
1265 2029 1426 2062 motum
1454 2021 1499 2061 in
1527 2021 1713 2075 partibus
1741 2020 1862 2061 fluidi

142 2091 339 2143 continui,
362 2093 519 2134 nullam
540 2093 710 2135 omnino
728 2094 889 2135 inducit
907 2105 1045 2136 motus
1065 2094 1360 2143 mutationem3
1382 2093 1560 2149 ideoque
1581 2092 1861 2134 resistentiam

1026 2207 1114 2241 basis,
1136 2206 1307 2237 altitudinis
1322 2212 1353 2236 et
1367 2206 1543 2242 velocitatis,
1568 2205 1761 2236 intereadum
1783 2216 1861 2246 qua-

187 2205 229 2248 (f)
261 2207 280 2226 ⁸
317 2207 468 2238 Generan·
492 2212 591 2247 potest
619 2206 859 2248 quamproxim-
910 2208 985 2243 Quo

1026 2249 1174 2288 druplurn
1189 2248 1394 2289 longitudinis
1408 2259 1473 2278 suae
1488 2248 1639 2284 describit,
1656 2248 1797 2288 generari
1811 2248 1863 2279 vel

142 2258 226 2281 emm
255 2253 394 2288 tempore
423 2249 581 2289 cylindrus
605 2259 678 2280 cum
694 2250 852 2289 ‘praedictd
872 2250 985 2280 veloci-

144 2297 206 2323 tsoe
227 2291 422 2322 uniformiter
437 2301 493 2331 pro
531 2291 673 2329 odiendo,
690 2292 834 2323 describit
849 2293 985 2331 spatium

144 2337 165 2365 2
181 2334 199 2364 1
219 2334 259 2369 G,
282 2332 406 2373 proprio
426 2302 562 2373 ponggre
577 2334 717 2365 cadendo
731 2335 916 2366 describeret
937 2335 982 2365 al-

143 2375 309 2408 titudinem
333 2377 351 2407 1
369 2377 412 2414 G,
438 2382 470 2407 et
490 2376 683 2408 velocitatem
704 2377 791 2407 illam
813 2378 984 2418 acquireret

146 2420 214 2462 (30.
240 2418 312 2449 Lib.
333 2418 392 2456 L).
423 2416 526 2450 'cnm
548 2419 645 2460 igitur
669 2420 840 2451 resistentia
860 2420 987 2461 equalis

101 2485 105 2503 ς
145 2462 184 2493 sit
197 2461 327 2501 ponderi
342 2461 486 2501 cylindri,
501 2468 587 2501 patet
602 2462 803 2502 propositum.

100 2511 105 2530 2
156 2511 159 2513 ·
187 2504 233 2547 (ὅ)
250 2506 268 2523 *
286 2505 458 2545 Augehitur
466 2506 512 2535 vel
522 2506 692 2537 minuetur.
742 2505 907 2542 Quantitas
917 2515 984 2536 mo-

144 2544 196 2576 tfis
208 2546 242 2576 in
257 2545 396 2586 cylindro
411 2546 503 2588 cujus
516 2547 608 2584 basis,
631 2547 766 2579 densitas
787 2553 819 2578 et
839 2547 985 2579 velocitas

144 2586 224 2619 datae
237 2594 319 2625 sunt,
342 2595 474 2630 augetur
495 2589 544 2620 vel
566 2590 721 2621 minuitur
734 2591 768 2621 in
782 2590 900 2629 ratione
914 2590 984 2621 lon.

144 2630 296 2670 gitudinis
317 2631 449 2671 cylindri
463 2642 518 2662 seu
534 2632 713 2670 voluminis,
737 2639 768 2664 et
782 2639 906 2672 tempus
919 2643 983 2674 quo

146 2672 305 2712 cylindrus
318 2672 391 2704 data
405 2674 459 2704 illa
473 2675 634 2706 velocitate
649 2676 844 2706 uniformiter
857 2685 982 2716 progre-

144 2714 260 2745 diendo
280 2715 491 2756 quadruplum
513 2717 720 2758 longitudinis
742 2728 807 2748 suae
827 2717 980 2755 describit,

144 2763 277 2797 augetur
307 2757 357 2788 vel
386 2760 541 2790 minuitur
569 2760 603 2790 in
634 2760 742 2791 eadem
778 2760 982 2800 longitudinis

144 2805 244 2830 auctae
257 2799 306 2829 vel
320 2799 483 2832 diminutae
496 2803 615 2833 ratione
631 2805 678 2845 (5.
695 2803 764 2833 Lib.
787 2803 835 2843 1.)
850 2802 982 2844 idei›que

146 2842 239 2884 (179)
255 2842 301 2871 vis
314 2843 366 2873 illa
381 2842 443 2883 qud
454 2851 556 2876 motus
570 2852 689 2881 auctus,
713 2846 768 2875 διο.

188 2884 236 2926 (¹¹)
255 2886 272 2904 ⁸
290 2887 324 2916 Se·
337 2887 467 2918 densitas
481 2889 616 2928 cylindri
637 2887 756 2918 caeteris
777 2887 981 2925 manentibus,

143 2933 296 2966 augeatur
309 2929 356 2958 vel
376 2930 549 2967 minuatur,
573 2937 673 2962 motus
688 2931 754 2970 ejus
762 2937 799 2961 ut
819 2937 848 2962 et
861 2932 906 2962 vis
919 2930 983 2972 quii

142 2976 243 3001 motus
256 2972 355 3000 eodem
378 2975 507 3011 tempere
525 2975 671 3013 generari
684 2975 730 3004 vel
744 2975 807 3004 tolli
817 2979 926 3013 potest,
949 2975 984 3004 in

142 3011 249 3043 effidem
275 3014 391 3043 ratione
419 3016 577 3053 augebam-
604 3018 652 3047 vel
679 3017 843 3047 minuetur
873 3016 980 3056 (279).

145 3053 230 3085 cnm
265 3054 361 3095 igitur
392 3054 523 3094 cylindni
558 3057 774 3099 cujusminque
809 3058 982 3090 resistentia

143 3097 269 3138 aequalis
283 3097 321 3128 sit
334 3097 365 3127 vi
380 3096 443 3138 qus
456 3105 560 3130 motus
573 3100 705 3139 cylindri
730 3110 818 3141 aquae
841 3100 980 3141 ejusdem

1026 2291 1094 2322 tolli
1108 2292 1212 2330 possit,
1228 2298 1259 2322 et
1273 2291 1318 2321 vis
1329 2292 1395 2321 haec
1406 2290 1446 2321 sit
1459 2290 1499 2321 ad
1511 2291 1573 2320 vim
1587 2289 1650 2331 qua
1661 2296 1743 2320 totus
1754 2290 1863 2330 prioris

1026 2334 1158 2375 cylindri
1178 2339 1282 2364 motus
1305 2333 1416 2364 eodem
1440 2339 1579 2372 tempore
1604 2333 1744 2373 generari
1766 2333 1862 2372 possit

1025 2377 1075 2407 vel
1096 2376 1174 2415 tolli,
1198 2383 1234 2407 ut
1255 2376 1388 2407 densitas
1402 2386 1492 2416 aquae
1505 2375 1546 2406 ad
1559 2375 1741 2405 densitatem
1763 2375 1863 2415 cylin-

1028 2419 1086 2456 dri,
1110 2429 1302 2460 consequens
1319 2425 1364 2449 est
1378 2425 1415 2449 ut
1428 2418 1598 2448 resistentia
1612 2417 1743 2457 cylindri
1757 2417 1861 2457 cujus-

1029 2472 1163 2502 cumque
1177 2462 1217 2492 sit
1230 2461 1271 2492 ad
1284 2462 1347 2491 vim
1361 2461 1424 2501 quii
1434 2467 1518 2491 totus
1526 2460 1594 2501 ejus
1604 2466 1717 2496 motus,
1730 2459 1862 2490 interea-

1027 2504 1106 2535 dum
1119 2504 1330 2546 quadruplum
1343 2503 1549 2544 longitudinis
1563 2513 1627 2532 suae
1642 2502 1792 2537 describit,
1804 2513 1861 2542 ge-

1026 2547 1127 2578 nerari
1142 2547 1190 2578 vel
1204 2547 1271 2578 toni
1285 2553 1393 2586 potest,
1417 2552 1454 2576 ut
1475 2545 1609 2576 densitas
1627 2554 1715 2585 aquae
1729 2543 1770 2574 ad
1784 2544 1860 2575 den-

1026 2590 1146 2621 sitatem
1162 2589 1291 2630 cylindri
1305 2587 1548 2630 quamproxime.

1069 2632 1110 2674 (ἰ)
1125 2635 1142 2652 ⁴¹
1163 2634 1352 2664 continuum
1373 2631 1440 2662 ver-‹¹›
1461 2641 1521 2662 esse
1542 2631 1624 2661 debet
1638 2635 1667 2660 et
1681 2642 1743 2661 mm
1761 2631 1862 2661 clasti-

1024 2686 1107 2707 eum.
1158 2675 1243 2706 Nam
1265 2675 1290 2704 si
1316 2673 1447 2704 fluidum
1474 2679 1551 2704 esset
1573 2672 1741 2709 danicum,
1765 2672 1862 2711 ipsius

1023 2724 1125 2757 partes
1153 2728 1208 2757 per
1237 2716 1494 2756 compressionem
1523 2714 1792 2750 condensarentur,
1829 2720 1862 2745 et

1024 2760 1137 2790 deinde
1157 2759 1341 2794 rareflerent,
1365 2766 1456 2798 atque
1471 2757 1513 2787 ita
1527 2757 1641 2796 pressio
1662 2767 1716 2796 per
1738 2763 1860 2787 motum

1024 2803 1259 2843 progressivum,
1279 2802 1332 2842 qui
1347 2800 1558 2831 instantaneus
1579 2810 1643 2829 esse
1666 2809 1727 2829 non
1750 2805 1858 2838 potest,

1023 2851 1252 2885 propagaretur.
1303 2844 1348 2874 At
1369 2843 1394 2872 si
1417 2842 1548 2872 fluidum
1571 2842 1753 2871 continuum
1769 2842 1807 2872 sit
1828 2848 1859 2872 et

1026 2888 1146 2918 densari
1162 2885 1385 2925 compressione
1407 2890 1548 2924 nequeat,
1573 2885 1688 2923 pressio
1710 2895 1858 2923 propaga-

1025 2931 1109 2961 bitur
1138 2930 1170 2959 in
1199 2928 1334 2958 instanti.
1384 2927 1613 2965 Experimentis
1643 2925 1713 2956 νει-ὀ
1742 2933 1859 2957 constat

1026 2983 1137 3013 aquam
1162 2972 1195 3001 in
1221 2977 1301 3001 statu
1329 2969 1459 2999 naturali
1481 2969 1676 2999 constitutam
1699 2969 1748 2998 vix
1771 2979 1858 3008 posse

1026 3013 1215 3050 condensari,
1238 3023 1292 3044 seu
1307 3013 1340 3042 in
1356 3011 1487 3051 spatium
1510 3012 1614 3042 minus
1635 3011 1859 3051 compressione

1023 3057 1140 3097 redigi;
1158 3056 1231 3086 cnm
1243 3066 1261 3085 e
1275 3054 1381 3085 contra
1391 3055 1443 3085 aer
1456 3055 1600 3086 maximae
1609 3053 1858 3085 condonationis

1024 3106 1055 3131 et
1069 3097 1276 3130 rarefactionis
1291 3098 1330 3128 sit
1344 3107 1448 3137 capax.

974 3156 1038 3186 P5
