2066 3548
198 225 281 262 232
627 216 1082 262 PHILOSOPHIAE
1111 215 1475 262 NATURALIS
1542 216 1692 270 [Mor.
1708 217 1933 285 Colu’mss·¹

197 330 283 373 fere
303 331 461 373 ratione
481 330 562 387 qua
583 330 781 373 effluxum
799 346 919 387 aquae
939 346 962 372 e
982 345 1076 373 vase
1096 329 1301 380 diminuit,
1321 329 1366 371 id
1386 336 1449 373 est
1467 329 1511 370 in
1526 330 1686 372 ratione
1698 327 1909 385 duplicata

199 409 252 446 25
275 404 328 446 ad
349 410 397 446 21
424 404 599 446 circiter.
660 405 715 446 Et
735 403 1099 460 quemadmodum,
1121 403 1164 444 in
1187 402 1488 457 Propositionis
1507 401 1617 445 illius
1637 418 1741 460 casu*
1755 403 1907 458 primo,

199 474 408 516 effecimus
438 483 484 516 ut
512 483 650 530 partes
679 489 798 530 aquae
826 474 1221 530 perpendiculariter
1247 482 1288 515 et
1321 472 1502 515 maxima
1536 472 1654 528 copisa
1688 473 1912 515 transirent

197 560 274 601 per
293 546 477 587 foramen
500 546 538 587 E
561 545 608 596 F,
640 545 835 600 ponendo
865 546 977 602 quod
1001 559 1109 600 aqua
1138 544 1272 585 omnis
1292 544 1335 584 in
1356 558 1452 585 vase
1473 557 1567 600 quae
1586 543 1631 584 in
1650 543 1918 587 circuitu'cae

198 626 366 660 taractae
387 618 602 674 congelata
620 617 767 669 fuerat,
789 626 830 659 et
850 619 965 674 cujus
985 625 1123 658 motus
1143 606 1334 673 obliquus
1355 625 1444 659 erat
1463 626 1505 659 et
1523 617 1694 668 inutilis,
1724 624 1912 659 maneret

199 691 287 732 sine
318 697 456 731 motu:
499 689 558 731 sic
591 689 636 731 in
670 688 749 731 hac
785 689 1089 744 Propositione,
1124 696 1170 730 ut
1200 688 1421 744 obliquitas
1451 695 1640 730 motuum
1671 687 1839 730 tol-latur
1869 695 1912 730 et

197 770 335 818 partes
371 777 490 818 aquae
520 768 638 803 motu
675 760 857 802 maxime
896 761 1055 802 directo
1088 767 1130 801 et
1160 759 1402 801 brevissimo
1441 759 1632 800 cedentes
1671 758 1911 803 facillimum

197 832 411 888 praebeant
441 831 659 873 transitum
690 831 892 888 cylindro,
926 838 968 872 et
1001 830 1091 872 sola
1118 837 1284 872 maneat
1316 830 1561 880 resistentia,
1602 844 1696 886 quae
1725 829 1858 871 oritur
1886 844 1913 873 a

199 904 485 962 magnitudine
515 904 707 945 sectionis
738 912 995 955 transversae,
1029 918 1205 960 quaeque
1234 902 1409 944 diminui
1433 917 1518 943 non
1537 910 1675 957 potest
1691 902 1772 944 nisi
1791 901 1913 946 dimi-

197 978 366 1021 nuendo
386 978 633 1020 diametrum
654 978 843 1034 cylindri,
866 976 1183 1032 concipiendum
1204 983 1266 1018 est
1286 975 1399 1032 quod
1418 984 1555 1031 partes
1573 974 1705 1026 fluidi,
1736 989 1912 1031 quarum

198 1058 335 1091 motus
356 1058 452 1091 sunt
470 1050 629 1106 obliqui
648 1057 690 1091 et
709 1049 874 1090 inutiles
895 1056 937 1090 et
956 1048 1231 1089 resistentiam
1251 1054 1404 1098 creant,
1437 1046 1649 1103 quiescant
1666 1046 1775 1088 inter
1794 1061 1840 1088 se
1858 1045 1914 1088 ad

198 1128 420 1176 utrumque
440 1119 616 1176 cylindri
636 1119 873 1170 terminum,
906 1127 947 1161 et
967 1119 1178 1160 cohaerant
1208 1119 1260 1174 (P)
1282 1125 1324 1160 et
1344 1118 1534 1174 cylindro
1547 1119 1789 1175 jungantur.
1849 1115 1915 1160 Sit

175 1192 241 1255 ,A
263 1192 300 1232 B
323 1191 359 1232 C
380 1192 424 1233 D
459 1190 759 1248 rectangulum,
794 1198 836 1232 et
864 1190 947 1231 sint
976 1190 1017 1231 A
1039 1189 1078 1232 E
1103 1197 1145 1231 et
1175 1189 1213 1231 B
1236 1189 1274 1230 E
1309 1203 1427 1231 arcus
1462 1189 1547 1231 duo
1580 1187 1807 1244 parabolici
1835 1203 1915 1230 axe

201 1265 242 1306 A
263 1265 301 1305 Β
331 1264 540 1319 descripti,
571 1264 700 1306 latere
730 1271 869 1305 autem
898 1270 1014 1305 recto
1034 1263 1146 1320 quod
1175 1262 1228 1304 sit
1246 1262 1299 1304 ad
1320 1263 1497 1318 spatium
1519 1263 1567 1304 H
1590 1262 1646 1314 G,
1678 1261 1914 1304 describen-

200 1335 301 1376 dum
321 1350 346 1376 a
365 1334 554 1391 cylindro
574 1335 748 1376 cadente
763 1335 864 1378 dum
883 1334 1142 1378 velocitatem
1158 1347 1273 1375 suam
1294 1333 1481 1390 acquirit,
1503 1341 1550 1375 ut
1571 1333 1620 1375 H
1639 1334 1682 1376 G
1695 1333 1748 1375 ad
1761 1336 1787 1388 ᾖ
1805 1334 1847 1375 Α
1861 1332 1914 1376 Β.

203 1407 295 1449 Sint
314 1407 437 1449 etiam
459 1407 496 1449 C
519 1407 555 1449 F
575 1415 616 1449 et
636 1407 680 1449 D
704 1407 740 1449 F
760 1422 880 1449 arcus
902 1407 972 1449 alii
991 1407 1076 1449 duo
1095 1406 1335 1462 parabolici,
1358 1421 1439 1448 axe
1461 1405 1497 1448 C
1518 1406 1563 1447 D
1583 1414 1625 1447 et
1642 1406 1771 1449 latere
1798 1415 1914 1448 recto

201 1477 314 1533 quod
335 1477 387 1518 sit
405 1478 555 1532 prioris
576 1474 716 1519 lateris
737 1478 839 1520 recti
859 1478 1139 1534 quadruplum
1159 1477 1358 1532 descripti
1369 1493 1381 1526 3
1402 1485 1445 1519 et
1459 1478 1750 1520 convolutione
1766 1477 1914 1535 figurae

201 1548 358 1589 circum
392 1562 513 1589 axem
546 1547 584 1589 E
617 1548 653 1589 F
682 1557 905 1605 generetur
939 1549 1117 1591 solidum
1153 1549 1269 1604 cujus
1301 1548 1439 1590 media
1472 1564 1570 1604 pars
1601 1550 1642 1592 A
1664 1550 1702 1591 B
1723 1550 1768 1592 D
1791 1549 1828 1592 C
1862 1550 1915 1592 sit

1453 1687 1566 1718 GR²
1652 1687 1798 1718 4G1—12

245 1689 292 1731 (Ρ)
310 1690 328 1709 ⁴*
347 1689 389 1722 Et
405 1688 542 1729 cylindro
547 1686 742 1726 jungantur·
790 1686 838 1717 Ut
851 1696 938 1717 num.
959 1689 1033 1719 277.
1081 1712 1111 1744 P
1128 1713 1157 1744 Τ
1174 1713 1206 1744 R
1220 1712 1302 1744 latus
1316 1717 1435 1744 rectum
1581 1723 1638 1744 seu
1651 1731 1779 1738 —-
1805 1713 1916 1753 Priori

1685 1738 1715 1769 P
1732 1739 1763 1769 G

201 1733 274 1763 278.
293 1731 413 1762 factum
427 1735 483 1766 est,
507 1728 561 1759 ubi
577 1727 692 1758 circulo
710 1728 739 1758 P
756 1729 790 1764 Q
802 1729 835 1758 in
849 1739 942 1770 quem
957 1740 1038 1770 aqua
1474 1740 1502 1770 p
1517 1740 1549 1770 G

201 1773 350 1805 influebat
379 1782 452 1803 cum
475 1769 513 1801 eei.
537 1770 696 1800 velocitate
718 1780 812 1810 quam
841 1771 979 1802 cadendo
1006 1778 1037 1802 et
1083 1782 1114 1812 G
1131 1781 1167 1811 H
1182 1783 1197 1800 2
1711 1806 1715 1807 ⁷
1906 1788 1908 1794 ι

201 1827 275 1847 casu
297 1826 355 1846 suo
376 1812 576 1845 describendo
590 1811 788 1843 altitudinem
804 1813 841 1843 H
860 1814 891 1844 G
905 1814 1036 1854 acquirit
1102 1833 1130 1864 P
1148 1834 1179 1864 G
1197 1828 1208 1844 ,
1223 1805 1433 1847 quadruplum
1456 1807 1525 1848 (per
1541 1807 1653 1838 Theor.
1675 1805 1762 1846 que
1775 1806 1910 1848 parab).

201 1864 233 1888 et
255 1858 367 1888 deinde
389 1857 569 1886 movebatur
598 1854 794 1885 uniformiter
818 1856 938 1895 junctae
962 1861 1036 1886 sunt

201 1900 312 1939 glaciei
335 1899 490 1930 columnae
518 1896 589 1926 duae
614 1896 795 1935 parabolicae
827 1897 855 1927 P
878 1898 915 1928 H
945 1898 977 1933 Q
1005 1903 1037 1929 et

204 1943 233 1973 P
251 1943 282 1973 R.
300 1942 343 1979 Q,
365 1951 435 1982 quae
456 1949 551 1981 aquas
566 1938 721 1976 exhibent,
745 1949 878 1980 quarum
902 1939 1038 1970 fluiditas

1082 1875 1169 1906 Hinc
1184 1875 1209 1905 si
1223 1884 1304 1915 aqua
1324 1874 1460 1916 quiescat
1473 1881 1504 1905 et
1517 1875 1655 1906 circulus
1678 1873 1707 1905 P
1725 1875 1758 1911 Q
1776 1875 1812 1905 in
1831 1875 1914 1917 aqu&

1078 1924 1240 1948 moveatur
1254 1927 1327 1948 cum
1342 1915 1451 1947 eadem
1466 1917 1626 1948 velocitate
1647 1926 1740 1957 quam
1755 1927 1847 1958 gravo
1860 1928 1912 1949 en—

1080 1959 1182 1991 dendo
1196 1966 1227 1990 et
1241 1970 1314 1990 casu
1328 1969 1385 1990 suo
1399 1959 1599 1991 describendo
1613 1958 1809 1990 altitudinem
1826 1961 1863 1993 H
1880 1962 1913 1993 G

1077 2003 1216 2043 acquirit,
1232 2002 1386 2033 columnae
1399 2001 1463 2032 illae
1480 2003 1508 2033 P
1525 2003 1561 2033 H
1579 2003 1614 2038 Q
1627 2008 1659 2033 et
1676 2002 1704 2032 P
1718 2002 1750 2032 R
1768 2002 1802 2038 Q
1813 2013 1910 2044 aquas

603 2049 652 2086 H
1077 2046 1141 2076 fere
1156 2050 1311 2084 exponent
1324 2054 1457 2084 quarum
1471 2044 1607 2076 fluiditas
1619 2054 1655 2076 ae
1669 2050 1774 2076 motus
1787 2046 1915 2079 inntiiu

1079 2094 1152 2118 sunt
1166 2094 1203 2118 ut
1215 2093 1316 2127 partes
1330 2097 1421 2127 aquae
1434 2093 1523 2118 motu
1537 2086 1672 2118 maxime
1681 2086 1797 2119 directo
1805 2095 1837 2119 et
1844 2090 1914 2120 bre-

494 2153 524 2192 S
1080 2130 1203 2203 v3⁵⁸'¹¹¹1¹<‘‚'
1217 2129 1360 2214 ⁰³33?
1373 2129 1500 2203 fssciffiffl
1502 2131 1914 2213 “¹1¹¹vp35ff0‘112‘ff253

1080 2183 1223 2246 ffissittz
1237 2200 1338 2255 potest
1347 2182 1515 2255 pceylindru's
1531 2215 1563 2246 A
1581 2195 1611 2246 ’Β
1628 2215 1662 2246 D
1680 2215 1706 2246 c
1729 2215 1838 2247 eadem
1859 2227 1911 2248 ve.

752 2287 794 2323 O..

1079 2258 1203 2290 locitate
1216 2264 1328 2294 motus,
1344 2263 1376 2288 et
1390 2260 1479 2299 quus
1492 2259 1579 2289 bases
1595 2258 1626 2288 A
1645 2258 1684 2293 B,
1703 2258 1731 2289 C
1749 2259 1782 2289 D
1796 2259 1913 2293 cirtulo

1083 2301 1112 2332 P
1130 2302 1164 2337 Q
1186 2300 1320 2342 aequales
1342 2300 1412 2338 sint,
1436 2300 1549 2341 quibus
1569 2299 1698 2340 proinde
1718 2299 1843 2332 basibus
1855 2302 1908 2333 nd-

1076 2343 1248 2385 jungendae
1269 2348 1343 2373 sunt
1364 2343 1517 2374 columnae
1536 2342 1607 2373 duae
1631 2342 1663 2374 A
1680 2342 1711 2373 Ε
1729 2343 1768 2379 Β,
1789 2344 1816 2374 C
1835 2343 1861 2375 F
1876 2344 1913 2376 D

1080 2386 1234 2418 columnis
1256 2385 1286 2416 P
1308 2385 1344 2416 H
1363 2386 1407 2422 Q,
1434 2385 1463 2416 P
1481 2386 1563 2422 RQ,
1581 2384 1714 2426 aequales
1733 2385 1909 2425 respective,

1005 2434 1011 2441 ·
1080 2435 1173 2469 atque
1186 2428 1321 2467 idipsum
1335 2433 1381 2459 cst
1389 2427 1473 2468 quod
1486 2428 1659 2458 Newtonus
1671 2427 1705 2457 iu
1719 2427 1780 2458 hoc
1793 2428 1911 2461 scholio

1080 2471 1162 2502 fecit.
1212 2469 1371 2510 Siquidem
1394 2469 1505 2511 juncta
1529 2470 1559 2501 E
1584 2469 1620 2506 F,
1649 2469 1760 2500 mediis
1787 2471 1911 2503 basibus

506 2542 519 2554 ,
1083 2515 1115 2545 Λ
1134 2514 1172 2551 Β,
1199 2513 1225 2544 C
1243 2513 1287 2549 D,
1313 2518 1492 2545 occurrente
1513 2513 1548 2543 in
1572 2512 1602 2543 L
1626 2518 1659 2543 et
1680 2511 1725 2550 K,
1751 2518 1783 2544 et
1804 2514 1911 2553 positis

479 2542 513 2582 ’1
1082 2557 1114 2588 A
1127 2557 1196 2587 Bet
1212 2555 1239 2587 c
1251 2555 1284 2586 n
1298 2554 1357 2595 ipsi
1370 2554 1400 2587 P
1413 2555 1447 2591 Q
1458 2554 1647 2596 aequaubm
1663 2561 1709 2586 est
1724 2551 1906 2630 Ἣει-Θῂξη

1079 2623 1211 2665 constr.)
1226 2621 1378 2664 parabolae
1395 2623 1424 2653 A
1442 2623 1473 2654 E
1495 2622 1577 2654 latus
1590 2628 1710 2654 rectum

1079 2691 1394 2779 ἦῑὲῤ-’Ξέἱῐ-ἕ,
1420 2715 1542 2749 etidea
1564 2717 1816 2752 EL=HG.
1863 2717 1910 2752 Et

606 2767 650 2804 R
1078 2788 1171 2820 simin
1193 2787 1287 2819 modo
1309 2785 1459 2828 parabolae
1485 2786 1512 2817 c
1537 2786 1574 2824 F,
1605 2786 1813 2820 Nemoniana
1834 2797 1910 2820 oon-

1753 2835 1774 2862 4
1790 2831 1826 2862 Η
1845 2831 1878 2863 G
1891 2833 1909 2851 ²

207 2895 243 2916 nc
256 2891 359 2917 monis
373 2892 446 2918 sunt
460 2887 595 2925 inutiles,
619 2895 650 2919 et
664 2886 878 2928 parabolarum
903 2886 932 2916 P
949 2886 971 2916 S
988 2885 1036 2923 Η,

1789 2884 1818 2915 P
1835 2884 1866 2915 G

206 2928 417 3003 {3352}
427 2928 878 3013 '331³¹20¹’‘¹3⁰¹¹1{⁸‚¹⁵⁵÷d¹23q3¹2⁵
884 2928 1038 3011 „230ss
1078 2965 1124 2983 =
1142 2925 1183 3009 ¹2
1195 2925 1249 3009 ξ’(
1263 2963 1309 2980 =
1326 2923 1368 3008 ξ,
1378 2923 1438 3006 ξ’.
1453 2959 1490 2980 ae
1504 2949 1634 2989 proinde
1650 2949 1684 2981 Κ
1699 2949 1726 2981 F
1735 2963 1782 2981 =
1792 2955 1813 2983 2
1826 2951 1862 2983 n
1875 2951 1907 2983 a

209 3037 238 3069 p
262 3037 284 3068 s
312 3039 357 3074 H,
394 3040 473 3071 ,mus
501 3050 619 3072 rectum
654 3016 787 3066 §LE-²
827 3046 858 3071 et
885 3038 1037 3080 paraboloe
1079 3034 1126 3051 =
1143 3021 1174 3052 G
1193 3021 1233 3052 R.
1283 3019 1446 3051 Columnae
1467 3017 1563 3058 igitur
1585 3017 1616 3049 A
1634 3019 1664 3050 E
1682 3019 1711 3050 B
1726 3026 1758 3051 et
1774 3020 1800 3052 c
1818 3019 1846 3052 F
1863 3020 1907 3059 D,

682 3069 710 3098 P
729 3068 758 3099 G
788 3064 797 3078 '
1081 3074 1143 3094 non
1158 3063 1305 3095 differunt
1318 3072 1337 3092 a
1351 3061 1503 3093 columnis
1522 3061 1550 3091 P
1566 3062 1601 3093 H
1621 3062 1654 3099 Q,
1666 3067 1697 3094 et
1712 3061 1741 3094 P
1759 3062 1789 3094 R
1806 3063 1847 3100 Q,

1751 2647 1908 2682 AL-

1078 2847 1246 2889 structione
1267 2855 1434 2895 descriptae,
1458 2854 1541 2886 latus
1560 2860 1678 2887 rectum
1692 2862 1738 2888 est
