2066 3548
142 228 291 289 erm
312 228 530 280 Sitonum]
582 227 904 272 PRINCIPIA
934 229 1429 275 MATHEMATICA.

141 342 292 394 diatur,
313 350 356 384 et
375 342 535 385 interea
553 343 642 385 axis
662 344 749 400 ejus
764 358 859 386 cum
879 360 958 387 axe
978 359 1101 388 cana-

140 414 193 467 lis,
213 414 442 456 coincidat:
475 416 707 458 resistentia
727 417 814 471 ejus
834 417 912 458 erit
931 416 986 458 ad
1014 417 1098 458 vim

140 486 221 542 quii
243 475 354 528 totus
376 489 464 543 ejus
486 496 636 539 motus,
668 503 752 544 quo
780 497 968 544 tempore
997 505 1098 546 qua-

85 552 91 559 ’
139 557 336 613 druplum
367 559 637 618 longitudinis
672 575 770 601 suae‘
791 561 999 613 describit,
1032 563 1099 604 vel

136 631 329 687 generari
361 632 492 686 possit
520 631 585 673 vel
614 632 716 682 tolli,
752 633 796 673 in
826 634 984 676 ratione
1004 650 1098 691 quae

138 699 417 758 componitur
432 717 486 743 ex
514 702 674 745 ratione
697 704 735 745 E
759 704 794 745 F
814 720 843 761 q
871 705 924 746 ad
957 706 994 748 E
1017 708 1053 750 F
1071 723 1100 764 q

137 799 196 806 —
213 778 240 827 ᾖ
264 775 301 816 Ρ
322 774 366 824 Q
385 790 413 830 q
443 775 584 826 semel,
622 784 663 817 et
692 777 851 819 ratione
884 778 922 820 E
944 779 979 820 F
999 795 1026 836 q
1047 780 1101 821 ad

138 846 177 887 E
200 846 237 887 F
255 861 283 902 q
297 871 356 878 —
378 847 414 888 P
436 847 479 897 Q
500 863 527 904 q
546 848 624 899 bis,
647 857 688 890 et
708 850 867 892 ratione
888 850 1100 894 densitatis

136 917 261 959 medii
284 918 339 959 ad
359 918 609 962 densitatem
630 921 820 977 cylindri.

195 991 327 1032 Corol.
350 997 389 1033 3.
436 993 590 1035 Iisdem
622 995 780 1049 positis,
813 1003 854 1037 et
874 997 987 1052 quod
1006 997 1099 1039 lon-

132 1062 283 1119 gitudo
303 1063 343 1105 L
363 1064 416 1106 sit
435 1066 490 1107 ad
518 1067 795 1122 quadruplum
829 1068 1096 1124 longitudinis

132 1134 341 1191 cylindri
329 1150 372 1177 1n
393 1136 552 1178 ratione
571 1152 666 1193 quae
686 1139 949 1192 componitur
962 1154 1016 1180 ex
1030 1154 1077 1180 ra

131 1206 306 1249 tioneE
329 1208 533 1264 Fq—2}
557 1210 779 1267 PQqad
802 1209 1089 1269 EFqsemel‚

131 1287 173 1321 et
200 1280 360 1322 ratione
381 1280 420 1322 E
442 1281 478 1323 F
498 1297 526 1338 q
544 1307 603 1320 —
624 1283 660 1324 P
681 1283 725 1333 Q
745 1299 772 1340 q
793 1284 845 1325 ad
868 1285 906 1326 E
929 1285 964 1326 F
984 1300 1011 1341 q
1030 1286 1118 1328 bis.
1152 1287 1214 1343 (¹¹¹)
1237 1288 1469 1330 resistentia
1498 1290 1675 1346 cylindri
1696 1293 1774 1333 erit
1794 1293 1848 1335 ad

130 1351 216 1393 vim
245 1351 326 1409 qua
356 1360 468 1395 totus
498 1354 586 1409 ejus
615 1363 767 1406 motus,
803 1356 982 1399 interera
1010 1357 1112 1399 dum
1146 1359 1450 1416 longitudinem
1480 1361 1519 1402 L
1542 1361 1749 1414 desclibit,
1782 1365 1846 1406 vel

129 1423 219 1464 tolli
238 1424 369 1478 possit
388 1424 454 1465 vel
472 1426 676 1481 generari,
697 1434 744 1469 ut
762 1426 943 1470 densitas
962 1428 1091 1471 medii
1110 1429 1164 1471 ad
1185 1429 1430 1474 densitatem
1450 1431 1643 1488 cylindri,

883 1631 1089 1673 Scholium.

184 1756 237 1798 In
270 1755 350 1797 hac
393 1756 684 1812 Propositione
715 1759 989 1800 resistentiam
1027 1760 1362 1817 investigavinms
1402 1774 1497 1817 quae
1535 1762 1667 1802 oritur
1698 1776 1722 1802 a
1757 1759 1844 1802 sola

123 1827 410 1885 magnitudine
430 1837 679 1871 transversae
699 1830 891 1872 sectionis
906 1831 1096 1888 cylindri,
1118 1831 1306 1888 neglecta
1327 1832 1572 1874 resistentiae
1601 1840 1720 1887 parte
1750 1846 1844 1888 quae

123 1900 177 1942 ab
196 1901 438 1958 obliquitate
467 1911 656 1945 motuum
676 1903 776 1945 oriri
791 1895 936 1959 possit.
997 1905 1109 1946 Nam
1138 1905 1489 1961 quemadmodum
1508 1905 1552 1946 in
1575 1905 1690 1946 Casu
1707 1905 1844 1959 primo

125 1971 427 2026 Propositionis
449 1973 672 2015 XXXVI.
694 1974 916 2031 obliquitas
945 1984 1148 2026 motuum,
1181 1977 1330 2032 quibus
1349 1984 1487 2031 partes
1509 1990 1628 2032 aquae
1657 1976 1701 2016 in
1730 1990 1840 2026 vase,

122 2043 308 2099 undique
327 2045 634 2101 convergebant
652 2046 696 2086 in
714 2046 902 2087 foramen
922 2047 962 2088 E
984 2047 1031 2096 F,
1053 2047 1267 2102 impedivit
1286 2046 1485 2089 effluxum
1505 2062 1625 2103 aquae
1644 2047 1753 2087 illius
1765 2061 1843 2101 per

121 2115 331 2158 foramen:
358 2117 416 2158 sic
436 2117 480 2158 in
499 2116 579 2159 hac
602 2118 904 2173 Propositione‚
926 2119 1146 2175 obliquitas
1167 2128 1368 2170 motuum,
1392 2120 1542 2176 quibus
1562 2128 1700 2174 partes
1722 2132 1841 2174 aquae

121 2188 175 2229 ab
207 2189 414 2230 anteriore
443 2189 620 2245 cylindri
650 2191 828 2231 termino
856 2205 1022 2245 pressae,
1065 2191 1218 2232 cedunt
1256 2191 1458 2246 pressioni
1498 2191 1551 2246 (¹²)
1584 2199 1625 2232 et
1657 2190 1841 2246 undique

121 2258 355 2317 divergunt,
387 2260 572 2302 retardat
601 2275 746 2302 eorum
779 2261 996 2303 transitum
1024 2276 1101 2317 per
1130 2261 1222 2303 loca
1250 2262 1295 2302 in
1325 2261 1500 2303 circuitu
1531 2261 1696 2303 termini
1730 2261 1839 2303 illius

120 2331 399 2372 antecedentis
430 2341 572 2372 versus
599 2332 850 2387 posteriores
879 2341 1016 2387 partes
1046 2333 1235 2389 cylindri,
1273 2333 1476 2390 efficitque
1504 2341 1552 2375 ut
1578 2333 1754 2374 fluidum
1784 2332 1838 2374 ad

118 2403 318 2459 majorem
347 2403 584 2445 distantiam
618 2412 929 2446 commoveatur
958 2412 1000 2446 et
1026 2405 1303 2455 resistentiam
1332 2413 1469 2463 auget,
1506 2406 1556 2460 (⁰)
1578 2405 1703 2462 idque
1723 2405 1767 2445 in
1787 2404 1835 2446 ea

164 2529 219 2572 (¹¹¹)
236 2532 254 2550 ”
272 2531 455 2563 Resiaeneia
476 2531 610 2572 cylind'n'
623 2532 684 2562 erit
697 2532 739 2562 ad
752 2532 823 2562 vim.
873 2530 957 2561 Nam

123 2572 194 2620 (per
211 2573 283 2603 Cor.
302 2577 332 2604 2.
349 2579 382 2604 et
398 2573 505 2613 Hyp.)
520 2573 691 2604 resistentia
711 2572 843 2613 cylindri
858 2579 905 2603 est
917 2573 959 2603 ad

120 2614 185 2644 vim
199 2625 260 2655 qua
274 2621 358 2646 totus
372 2616 440 2657 ejus
453 2621 567 2652 motus,
589 2626 651 2656 quo
666 2622 804 2656 tempore
818 2615 955 2655 quadru-

120 2655 212 2696 plum
225 2657 427 2707 longitudinis
447 2669 512 2688 suae
533 2658 729 2689 uniformiter
751 2657 895 2689 describit
908 2657 957 2688 vel

121 2700 262 2740 generari
276 2701 371 2739 possit
385 2701 435 2732 vel
448 2700 525 2738 tolli,
548 2701 581 2731 in
596 2701 712 2731 ratione
727 2699 897 2740 composita
918 2711 956 2731 ex

121 2741 241 2772 ratione
254 2742 433 2783 quadruplae
448 2743 651 2784 longitudinis
673 2742 803 2783 cylindri
825 2742 866 2773 ad
886 2744 954 2773 lon-

121 2783 297 2824 gitudinem
314 2785 342 2816 L
357 2792 389 2817 et
401 2787 520 2817 ratione
534 2786 692 2816 densitatis
706 2785 801 2816 medii
816 2785 855 2816 ad
877 2785 953 2816 den-

122 2827 245 2857 sitatem
260 2827 401 2867 cylindri,
423 2835 454 2859 et
470 2829 562 2870 (279)
579 2829 626 2859 vis
640 2839 701 2869 qua
717 2834 800 2858 totus
822 2828 954 2868 cylindri

121 2875 235 2904 motus.
252 2869 442 2901 interea-ium
457 2871 666 2919 quadruplum
675 2870 879 2911 longitudinis
890 2881 955 2902 suae

122 2912 274 2949 describit,
290 2913 431 2952 generari
443 2913 492 2944 vel
506 2913 573 2944 tolli
587 2914 696 2954 possit,
707 2920 751 2944 est
765 2913 805 2943 ad
820 2914 881 2944 vim
893 2924 956 2954 qua

121 2954 206 2985 idem
221 2955 360 2995 ejusdem
373 2955 504 2995 cylindri
517 2964 622 2987 motus
643 2966 706 2996 quo
727 2963 865 2995 tempore
886 2956 955 2986 lon-

121 2997 298 3038 gitudinem
313 2997 343 3027 L
358 2997 552 3030 uniformiter
566 2998 710 3030 describit
724 2998 773 3028 vel
787 2998 853 3028 tolli
862 2999 956 3038 possit

121 3039 171 3071 vel
184 3039 334 3081 generari,
358 3039 392 3070 in
405 3040 524 3072 mione
544 3040 666 3072 inversa
685 3047 871 3080 temporum,
893 3042 956 3072 sive

121 3083 162 3114 ob
176 3082 318 3114 eamdem
339 3082 485 3124 utrinque
505 3083 691 3116 celeritatem
712 3084 747 3114 in
768 3082 886 3114 ratione
906 3083 955 3114 in-

1000 2529 1088 2561 versa
1102 2531 1283 2570 spatiorum,
1298 2531 1358 2562 hoc
1373 2536 1428 2568 est,
1451 2531 1484 2561 in
1499 2531 1617 2563 ratione
1630 2530 1836 2573 longitudinis

1002 2574 1033 2604 L
1047 2573 1088 2604 ad
1102 2573 1312 2614 quadruplum
1328 2573 1539 2615 longitudinis<
1547 2574 1687 2614 cylindri.
1728 2575 1834 2610 Quare

1001 2618 1054 2658 (ex
1078 2616 1183 2657 aequo)
1207 2617 1378 2647 resistentia
1403 2617 1535 2657 cylindri
1560 2624 1606 2647 est
1626 2617 1666 2646 ad
1688 2618 1751 2647 vim
1771 2617 1835 2658 qui

999 2665 1084 2690 totus
1109 2660 1176 2700 ejus
1195 2665 1308 2696 motus,
1335 2659 1530 2690 intereadum
1551 2659 1780 2699 longitudinem
1802 2660 1833 2690 L

999 2701 1195 2732 uniformiter
1209 2702 1353 2733 describit
1367 2701 1434 2732 tolli
1453 2702 1548 2740 possit
1562 2702 1611 2732 vel
1625 2702 1773 2743 generari,
1796 2708 1834 2734 ut

998 2744 1131 2775 densitas
1144 2744 1239 2775 medii
1253 2744 1293 2775 ad
1307 2744 1488 2774 densitatem
1504 2743 1645 2784 cylindri.

1041 2813 1089 2855 (¹²)
1117 2815 1134 2832 ⁷*
1167 2814 1210 2843 Ec
1240 2814 1374 2854 undique
1403 2811 1828 2853 divergune.vid.P1-op.

998 2856 1094 2886 XLI.
1115 2861 1145 2885 et
1161 2855 1276 2885 XLII.
1297 2851 1368 2884 Lib.
1386 2854 1489 2893 hujus.

1045 2912 1128 2954 (0)·
1147 2914 1246 2951 quue
1261 2912 1295 2941 in
1310 2909 1423 2951 elisere
1438 2913 1564 2942 ratione.
1613 2911 1736 2942 Eodem
1747 2912 1831 2943 enim

998 2955 1062 2985 fere
1078 2954 1172 2984 modo
1189 2959 1294 2983 motus
1315 2952 1432 2992 obliqui
1454 2954 1488 2983 in
1508 2963 1598 2994 aquae
1621 2955 1758 2993 partibus
1779 2965 1832 2985 ex-

998 2999 1141 3033 citantur,
1164 2996 1227 3026 sive
1248 3005 1329 3035 aqua
1342 2995 1376 3025 in
1391 2995 1521 3035 planum
1541 2997 1647 3027 circuli
1666 2998 1832 3028 immotum

997 3041 1160 3080 impingat,
1183 3039 1246 3068 sive
1256 3037 1391 3069 circulus
1405 3037 1515 3070 eadem
1530 3049 1603 3070 cum
1617 3040 1777 3072 velocitate
1798 3040 1831 3070 in

998 3083 1080 3125 aqua
1094 3082 1271 3123 quiescente
1280 3080 1406 3112 feratur.

949 3141 1013 3172 P4
