2066 3548
687 250 848 284 INDEX
872 250 1287 285 PROPOSITIONUM.
1753 259 1839 298 319

179 350 320 411 ἱΡΒΟΡ.
341 378 521 410 XXVIII.
567 377 746 410 THEOR.
766 352 946 408 xxuli*

142 451 175 483 si
186 450 302 490 corpori
311 450 523 490 funependulo
534 450 567 480 in
576 449 711 491 cycloide
725 449 877 481 oscillanti

178 494 328 523 resistitur
340 494 374 523 in
387 493 505 523 ratione
517 498 742 523 momentorum
758 497 878 531 tempo-

180 536 231 572 riS‚
255 535 312 566 erit
325 537 393 578 ejus
412 535 580 566 resistentia
593 534 632 564 ad
646 534 708 564 vim
723 534 878 575 gravitatis

180 584 218 608 ut
231 588 372 608 excessus
385 577 474 608 arciis
493 577 640 608 descensu
655 582 721 607 toto
735 576 878 616 descripti

181 630 274 659 supra
282 630 387 650 arcum
400 629 526 650 ascensu
537 620 739 659 subsequente
748 618 879 658 descrip-

134 691 137 693 .
178 668 256 698 tum,
265 662 306 693 ad
314 661 439 701 penduli
449 660 878 702 longitudinemduplicatam.
903 663 962 692 156

250 744 389 776 PROP.
410 744 551 774 XXIX.
600 744 772 775 PROBL.
792 743 854 775 VI.

141 802 247 833 Posito
269 801 352 842 quod
376 801 495 840 corpori
518 801 551 830 in
573 800 709 840 cycloide
729 800 881 831 oscillanti

180 844 330 875 resistitur
343 844 377 874 in
391 842 548 882 duplicata
567 843 685 873 ratione
703 843 877 880 velocitatis,

181 887 317 916 invenire
331 886 533 916 resistentiam
547 886 582 915 in
595 885 670 916 locis
680 885 878 925 singulis...u
903 888 962 917 157

223 968 362 999 PROP.
383 968 497 998 xxx.
545 967 727 999 THEOR.
747 958 888 998 xxm·

142 1024 175 1055 Si
199 1031 284 1055 recta
306 1025 336 1054 A
357 1024 385 1054 B
408 1023 534 1064 aequalis
555 1024 593 1054 sit
621 1023 767 1064 cycloidis
794 1023 879 1055 arcui

179 1076 271 1106 quem
291 1076 402 1104 corpus
423 1065 591 1096 oscillando
612 1065 762 1103 describit,
789 1072 820 1096 et
837 1066 880 1097 ad

178 1108 301 1148 singula
320 1108 387 1148 ejus
402 1114 516 1147 puncta
534 1108 566 1138 D
579 1107 737 1148 erigantur
750 1119 880 1148 perpen-

179 1150 282 1180 dicula
306 1151 338 1181 D
357 1150 398 1187 K,
422 1160 492 1190 quae
513 1150 574 1181 sint
594 1150 633 1180 ad
653 1150 878 1191 longitudinem

180 1192 308 1232 penduli
329 1201 366 1223 ut
389 1192 559 1223 resistentia
579 1193 713 1232 corporis
738 1193 769 1223 in
792 1193 880 1224 arcas

180 1235 302 1274 punctis
323 1235 680 1274 correspondenthusad
695 1235 757 1265 vim
778 1237 880 1275 gravi-

180 1278 267 1308 tatis:
297 1277 366 1308 dico
387 1277 470 1319 quod
489 1277 661 1308 differentia
682 1276 761 1307 inter
775 1287 881 1308 arcum

179 1320 329 1350 descensu
343 1326 408 1350 toto
416 1319 603 1359 descriptum
617 1325 648 1350 et
661 1329 766 1350 arcum
776 1327 880 1350 ascen-

180 1372 217 1392 su
231 1368 296 1393 toto
310 1364 514 1402 subsequente
535 1362 722 1401 descriptum
738 1362 832 1392 ducta
846 1363 879 1392 in

179 1414 309 1435 arcuum
323 1404 492 1435 eorundem
507 1405 762 1440 semi-summam,
778 1415 880 1445 aequa-

181 1446 219 1477 lis
234 1447 290 1477 erit
304 1457 382 1477 areae
401 1448 429 1477 B
446 1447 480 1476 K
495 1457 514 1476 a
534 1447 555 1478 ὲ
567 1446 793 1486 perpendiculis
814 1458 880 1477 om-

182 1489 274 1520 nibus
288 1489 321 1520 D
338 1489 372 1519 K
386 1494 544 1528 occupatae
545 1509 878 1521 ........................
906 1493 965 1521 163

222 1573 363 1612 RROP.
381 1571 520 1603 XXXI.
569 1572 750 1604 THEOR.
770 1574 885 1604 XXV.

141 1630 175 1662 Si
189 1631 324 1670 corporis
337 1630 504 1662 oscillantis
518 1631 688 1661 resistentia
701 1632 733 1660 in
749 1631 880 1671 sing-ulis

181 1682 310 1704 arcuum
325 1673 545 1711 descriptorum
561 1674 697 1712 partibus
709 1674 880 1712 proportio-

180 1714 304 1746 nalibus
329 1721 479 1755 augeatur
502 1715 551 1745 vel
575 1716 733 1745 minuatur
753 1716 788 1745 in
810 1714 882 1745 data

181 1756 318 1794 rationu
335 1757 509 1790 differentia
522 1757 603 1788 inter
613 1767 719 1788 arcum
733 1758 881 1788 descensu

181 1798 369 1838 descriptum
381 1806 412 1830 et
419 1809 525 1830 arcum
537 1801 741 1840 subsequente
755 1810 883 1831 ascensu
933 1803 943 1815 ⁹

181 1840 377 1880 descriptum,
394 1842 560 1882 augebitur
574 1842 623 1872 vel
636 1842 827 1873 diminuetur
847 1843 882 1872 in

150 1911 168 1917 f
181 1881 289 1914 eadem
300 1883 418 1914 ratione
423 1904 879 1915 .................................
906 1887 966 1914 168

199 1967 338 1999 PROP.
359 1967 522 1998 XXXII.
570 1968 752 1998 THEOR.
773 1967 910 1999 XXVI.

144 2029 177 2061 Si
189 2039 352 2068 corporum
363 2035 527 2068 systemata
537 2028 600 2059 duo
611 2029 724 2060 similia
733 2039 769 2059 ex
781 2039 883 2070 aequa-

184 2072 207 2102 li
222 2071 439 2110 particularum
455 2081 585 2101 numero
599 2077 747 2108 constent,
771 2077 802 2102 et
815 2081 884 2110 par-

184 2113 288 2144 ticulae
316 2113 586 2152 correspondentes
614 2114 728 2143 similes
760 2114 822 2144 sint
854 2120 885 2144 et

184 2155 435 2196 proportionales,
452 2155 583 2196 singulae
597 2155 630 2185 in
645 2166 709 2186 uno
723 2161 884 2196 systemate

184 2198 316 2238 singulis
336 2198 371 2228 iri
391 2198 496 2233 altero,
522 2204 553 2228 et
574 2198 714 2228 similiter
727 2199 792 2229 sitae
805 2199 886 2228 inter

185 2251 228 2277 se,
244 2251 279 2270 ac
294 2240 397 2271 datam
419 2241 551 2271 habeant
566 2241 713 2271 rationem
729 2240 885 2271 densitatis

187 2282 227 2313 ad
238 2283 376 2318 invicem,
391 2289 422 2313 et
433 2283 513 2313 inter
522 2293 554 2312 se
563 2283 751 2322 temporibus
759 2292 884 2324 propor-

186 2325 353 2355 tionalibus
374 2325 513 2355 similiter
527 2326 642 2355 moveri
658 2325 804 2365 incipiant
826 2327 886 2367 (eae

187 2367 268 2397 inter
281 2377 313 2397 se
327 2377 396 2407 quae
410 2374 483 2397 sunt
502 2367 535 2397 in
554 2378 620 2397 uno
638 2374 712 2398 sunt
724 2374 886 2408 systemate

187 2415 220 2440 et
233 2420 278 2440 eae
291 2409 371 2439 inier
379 2420 410 2439 se
420 2420 489 2449 quae
500 2409 533 2439 in
543 2410 653 2450 altero)
669 2417 700 2441 et
710 2411 735 2440 si
746 2419 808 2440 non
818 2416 886 2441 tau-

189 2458 265 2492 gant
278 2462 311 2482 se
325 2451 436 2482 mutue
449 2462 519 2492 quae
533 2452 567 2482 in
582 2453 689 2483 eodem
704 2459 777 2483 sunt
791 2459 885 2493 syste-

191 2500 282 2531 mate,
299 2494 406 2536 nisiin
420 2495 586 2525 momentis
598 2494 809 2531 reflexionum,
832 2506 885 2525 ne-

189 2546 250 2576 que
272 2537 424 2567 attrahant
445 2536 492 2566 vel
513 2538 624 2577 fugant
638 2547 670 2567 se
685 2536 803 2572 mutue,
828 2537 887 2567 nisi

190 2578 304 2609 viribus
317 2579 575 2610 acceleratrieibus
585 2589 655 2619 quae
669 2581 730 2610 sint
744 2586 780 2610 ut
793 2580 887 2619 parti-

192 2620 330 2651 cularum
356 2621 656 2661 con-respondentium
679 2622 818 2652 diametri
838 2622 887 2652 in·-

192 2661 278 2693 verse
300 2669 331 2694 et
353 2663 501 2703 quadrata
528 2664 724 2694 velocitatum
753 2664 884 2695 directe:

192 2703 262 2734 dico
275 2705 359 2753 quod
372 2712 569 2745 systematum
579 2707 736 2746 particulae
746 2707 810 2737 illae
821 2717 888 2746 per-

191 2752 268 2786 gent
279 2753 359 2777 inter
371 2757 404 2778 se
417 2750 605 2788 temporibus
615 2749 890 2789 proportionalibus

193 2788 334 2819 similiter
354 2791 467 2821 moveri
470 2813 889 2825 ..............................
914 2794 970 2823 191

192 2873 332 2905 PROP.
351 2875 533 2907 XXXIII.
570 2877 752 2909 THEOR.
771 2879 929 2911 XXVII.

153 2929 271 2961 Iisdem
284 2929 398 2968 positia
411 2930 479 2961 dico
487 2932 570 2971 quod
581 2939 778 2973 systematum
790 2941 891 2974 partes

195 2971 324 3011 majores
346 2972 527 3003 resistuntur
537 2975 569 3004 in
584 2976 701 3006 ratione
723 2977 892 3015 composite.

196 3023 234 3043 ex
249 3012 404 3052 duplicata
418 3015 536 3046 ratione
557 3018 752 3049 velocitatum
767 3030 893 3051 suarum

196 3062 228 3085 et
242 3054 397 3094 duplicata
412 3057 529 3088 ratione
549 3059 768 3091 diametrorum
792 3068 823 3092 et
843 3072 892 3094 ra-

194 3098 279 3129 tione
293 3097 449 3130 densitatis
462 3101 596 3140 partium
610 3109 808 3144 systematum
811 3127 891 3137 ......
916 3110 975 3140 194

1041 378 1177 410 PROP.
1191 379 1364 414 XXXIV.
1392 380 1572 412 THEOR.
1588 357 1826 413 XXVIII.Pup

1020 449 1052 480 Si
1066 449 1177 489 globus
1191 454 1222 479 et
1235 449 1392 490 cylindrus
1411 449 1578 490 aequalibus
1598 450 1754 482 diametris

1059 491 1210 530 descripti,
1241 492 1274 522 in
1302 491 1405 522 medio
1431 502 1501 523 raro
1527 503 1567 523 ex
1596 494 1753 532 particulis

1059 533 1228 574 aequalibus
1242 540 1271 564 et
1285 534 1324 564 ad
1338 534 1470 575 aequales
1489 536 1528 565 ab
1548 535 1678 566 invicem
1693 536 1755 566 dis-

1058 577 1170 605 tantias
1184 576 1278 607 libere
1291 576 1443 615 dispositis
1456 584 1622 612 constante,
1644 588 1755 608 secun-

1059 617 1135 648 dam
1157 618 1280 658 plagam
1302 620 1368 649 axis
1388 619 1533 659 cylindri,.
1551 619 1661 660 aequali
1682 630 1756 651 cum

1058 660 1217 690 velocitate
1225 668 1423 692 moveantur:
1441 662 1498 692 erit
1508 663 1676 693 reffl'stentia
1686 663 1753 704 glo·

1058 702 1090 732 bi
1104 701 1202 741 duple
1217 703 1317 733 minor
1331 702 1424 744 quarn
1435 704 1604 735 resistentia
1613 704 1751 745 cylindri.
1779 708 1838 738 197

1114 787 1253 819 PROP.
1274 788 1424 820 XXXV.
1470 789 1642 822 PROBL.
1661 791 1746 822 VII.

1021 843 1055 874 Si
1069 844 1207 875 medium
1220 854 1324 875 rarum
1339 855 1377 876 ex
1391 846 1548 885 particulis
1567 847 1754 888 quemmini-

1060 886 1123 926 mis¹
1129 887 1355 927 quiescentibus
1374 889 1542 928 aequalibus
1556 897 1587 920 et
1601 890 1640 920 ad
1654 900 1757 931 equa-

1060 927 1105 958 les
1119 931 1157 958 ab
1171 929 1300 959 invicem
1315 929 1473 961 distantias
1495 931 1588 962 libere
1605 931 1758 971 dispositis

1060 977 1179 1001 constet
1191 984 1198 1002 ε
1231 972 1369 1002 invenire
1392 973 1595 1005 resistentiam
1616 975 1702 1015 globi
1724 976 1757 1005 in

1061 1012 1120 1043 hoc
1133 1013 1237 1044 medio
1251 1014 1445 1046 unitormiter
1458 1016 1688 1057 progredientis.
1689 1038 1758 1049 .....
1779 1021 1841 1049 208

1092 1082 1232 1113 PROP.
1251 1082 1423 1115 XXXVI.
1458 1084 1632 1116 PROBL.
1650 1086 1754 1117 VIII.

1025 1140 1127 1179 Aquae
1150 1137 1191 1168 de
1214 1148 1284 1169 vase
1308 1139 1476 1179 cylindrico
1495 1152 1550 1180 per
1562 1141 1698 1172 foramen
1724 1143 1758 1174 in

1062 1179 1164 1210 fundo
1177 1180 1293 1212 factum
1308 1181 1469 1220 effluentis,
1486 1183 1613 1214 definire
1626 1191 1756 1215 motum.
1781 1188 1840 1216 211

1055 1250 1192 1282 PROP.
1209 1252 1401 1283 XXXVII.
1426 1253 1608 1285 THEOR„
1626 1255 1765 1286 XXIX.

1026 1307 1174 1348 Cylindri,
1191 1308 1243 1348 qui
1258 1308 1290 1338 in
1299 1308 1396 1339 fluido
1410 1319 1581 1348 compresso
1594 1311 1715 1341 infinito
1729 1317 1761 1342 et

1063 1360 1126 1380 non
1134 1351 1256 1381 elastico
1263 1351 1433 1382 secundem
1443 1352 1666 1393 longitudinem
1673 1363 1759 1384 suam

1063 1393 1256 1423 uniformiter
1271 1394 1473 1434 progreditur,
1498 1395 1675 1432 resistentia,
1691 1407 1760 1437 quoe

1063 1435 1162 1465 oritur
1170 1446 1189 1465 a
1199 1435 1413 1476 magnitudine
1424 1437 1565 1468 sectionis
1575 1444 1758 1474 transversae,

1065 1484 1110 1507 est
1124 1477 1162 1507 ad
1178 1478 1238 1506 vim
1254 1476 1317 1517 quii
1337 1485 1420 1508 totus
1434 1480 1499 1517 ejus
1513 1486 1626 1517 motus,
1646 1481 1763 1511 interea

1065 1519 1142 1550 dnm
1152 1520 1357 1560 quadruplum
1368 1521 1570 1560 longitudinis
1581 1533 1644 1552 suae
1653 1523 1763 1553 demi-

1065 1562 1118 1598 bit,
1135 1562 1183 1592 vel
1197 1563 1263 1592 tolli
1279 1563 1372 1601 possit
1387 1563 1431 1593 vel
1447 1564 1595 1604 generari,
1612 1571 1647 1595 ut
1661 1565 1764 1595 densi-

1066 1610 1112 1634 tas
1137 1605 1230 1634 medii
1251 1605 1290 1634 ad
1311 1605 1493 1635 densitatem
1508 1606 1637 1646 cylindri
1652 1616 1762 1647 quam-

1065 1645 1202 1685 proxime
1203 1668 1763 1682 .......................................
1784 1653 1846 1683 227

1066 1727 1207 1759 PROP.
1222 1729 1435 1760 XXXVIII.
1459 1730 1642 1763 THEoR.
1657 1732 1778 1765 XXX.

1030 1785 1123 1816 Globi
1144 1786 1178 1816 in
1203 1786 1300 1817 fluido
1324 1797 1497 1827 compresso
1520 1787 1642 1820 infinito
1655 1796 1686 1821 et
1700 1800 1765 1820 nou

1067 1828 1191 1859 elastico
1205 1829 1399 1859 uniformiter
1419 1831 1650 1871 progredientis,
1675 1833 1764 1863 resis-

1066 1871 1162 1901 tentia
1175 1877 1221 1901 est
1234 1871 1273 1901 ad
1294 1871 1357 1901 vim
1377 1872 1440 1912 qua
1458 1879 1542 1904 totus
1563 1873 1629 1914 ejus
1650 1881 1763 1912 motus,

1065 1922 1128 1952 quo
1142 1915 1483 1951 temporevetogtertias
1502 1921 1604 1954 partes
1624 1915 1765 1947 diametri

1066 1965 1131 1984 suae
1146 1955 1298 1992 describit,
1312 1956 1360 1986 vel
1374 1957 1441 1987 tolli
1450 1958 1544 1997 possit
1553 1958 1603 1988 vel
1613 1959 1762 1999 generari,

1066 2002 1104 2026 ut
1125 1995 1259 2027 densitas
1286 1996 1374 2028 fluidi
1401 1999 1443 2030 ad
1470 1999 1653 2031 densitatem
1679 2001 1766 2042 globi

1067 2038 1301 2078 quamproxime
1304 2061 1763 2075 ................................
1785 2046 1847 2076 285

1077 2115 1215 2147 PROP.
1231 2116 1408 2149 XXXIX.
1436 2119 1617 2151 THEOR..
1638 2121 1779 2153 XXXI.

1030 2171 1135 2209 Globi,
1165 2182 1219 2211 per
1243 2172 1376 2204 fluidum
1405 2175 1439 2205 in
1470 2176 1569 2206 canali
1598 2176 1767 2216 cylindrico

1068 2214 1209 2245 clausum
1223 2221 1255 2246 et
1268 2225 1476 2255 compressum
1489 2218 1683 2250 uniformiter
1697 2229 1767 2258 pro-

1068 2256 1245 2297 gredientiS,
1267 2258 1436 2290 resistentia
1451 2266 1497 2291 est
1510 2260 1550 2291 ad
1563 2261 1625 2291 vim
1640 2260 1704 2301 quii
1717 2267 1764 2292 to-

1068 2306 1120 2330 tus
1134 2300 1198 2340 ejus
1213 2307 1324 2337 motus
1347 2301 1464 2333 interea
1473 2301 1550 2333 dem
1571 2310 1641 2334 octo
1662 2305 1766 2335 tertias

1068 2347 1168 2381 partes
1189 2342 1327 2373 diametri
1349 2354 1415 2374 suae
1427 2345 1579 2382 describit,
1601 2346 1650 2376 vel
1670 2357 1765 2387 gene-

1068 2384 1128 2414 rari
1143 2385 1237 2423 possit
1249 2386 1299 2415 vel
1313 2386 1388 2423 tolli,
1411 2387 1444 2417 in
1459 2388 1575 2418 ratione
1595 2398 1666 2428 quae
1681 2399 1764 2419 com-

1069 2427 1194 2465 ponitur
1207 2437 1243 2457 ex
1260 2427 1377 2459 ratione
1391 2430 1497 2460 orificii
1519 2430 1632 2461 canalis
1653 2431 1692 2461 ad
1713 2441 1765 2461 ex-

1069 2478 1189 2498 cessum
1203 2469 1296 2510 hujus
1310 2471 1416 2501 orificii
1431 2483 1523 2511 supra
1533 2473 1696 2503 dimidium
1707 2474 1766 2504 cir-

1070 2511 1133 2540 culi
1158 2511 1284 2541 maximi
1307 2513 1392 2553 globi
1415 2521 1445 2544 et
1469 2516 1585 2545 ratione
1610 2515 1766 2554 duplicata

1070 2552 1177 2583 orificii
1192 2555 1304 2585 canalis
1318 2556 1358 2586 ad
1372 2566 1529 2587 excessum
1545 2558 1637 2597 hujus
1658 2558 1766 2588 orificii

1070 2595 1164 2634 supra
1188 2597 1338 2627 circulum
1361 2599 1531 2628 maximum
1553 2600 1647 2639 globi,
1673 2607 1703 2630 et
1717 2611 1766 2630 ra-

1069 2638 1154 2668 tione
1168 2638 1324 2670 densitatis
1338 2639 1425 2671 fluidi
1437 2641 1476 2671 ad
1487 2641 1667 2672 densitatem
1682 2643 1766 2683 globi

1069 2681 1302 2720 quamproxime
1310 2705 1766 2717 .................................
1789 2689 1850 2717 288

1171 2753 1309 2784 PROP.
1330 2754 1406 2784 XL.
1452 2755 1624 2786 PROBL.
1643 2756 1706 2786 IX.

1033 2810 1137 2848 Globi,
1152 2810 1185 2840 in
1200 2811 1303 2841 medio
1317 2811 1498 2843 fluidissimo
1513 2823 1684 2852 compresso
1697 2814 1768 2853 pro-

1072 2853 1248 2894 gredientis,
1263 2853 1400 2885 invenire
1410 2855 1608 2886 resistentiam
1621 2867 1675 2895 per
1685 2858 1768 2895 phae-

1072 2906 1205 2927 nomena
1210 2917 1766 2931 ........................................
1777 2899 1849 2931 ibid.

1111 2965 1248 2995 PROP.
1270 2965 1366 2996 XLI.
1414 2966 1595 2998 THEOR.
1616 2968 1776 2999 XXXII.

1035 3021 1156 3052 Pressio
1170 3032 1233 3051 non
1247 3030 1433 3063 propagatur
1447 3035 1501 3063 per
1515 3023 1644 3055 fluidum
1660 3036 1770 3055 secun-

1075 3063 1150 3093 dem
1165 3064 1261 3094 lineas
1275 3072 1379 3099 rectas.
1397 3067 1455 3096 nisi
1466 3067 1520 3097 ubi
1535 3067 1690 3106 particulae
1702 3067 1771 3098 flui-

1077 3106 1109 3136 di
1124 3106 1158 3136 iu
1172 3106 1323 3138 directum
1332 3108 1437 3149 jacent
1438 3132 1770 3142 ........................
1794 3112 1857 3142 256
