2066 3548
213 245 297 283 224
641 239 1093 284 PHILOSOPHIAE
1114 239 1490 284 NATURALIS.
1547 241 1693 293 [Mor.
1717 241 1921 286 cmwona
1945 260 1952 284 s

214 354 300 409 ejus
329 359 465 394 motus
498 352 755 394 horizontem
783 367 938 395 versus.
999 355 1051 408 (¹¹)
1074 353 1131 395 Et
1159 352 1244 409 quo
1272 353 1410 394 minor
1429 361 1491 395 est
1511 354 1698 396 circellus
1720 355 1756 396 P
1781 354 1838 404 Q,
1869 354 1921 396 εὸ

215 423 373 465 acutior
394 423 472 465 erit
491 430 635 465 vertex
654 424 858 465 columnae
870 440 882 474 3
916 432 958 466 et
976 423 1142 466 circello
1173 424 1217 464 in
1246 424 1454 466 infinitum
1481 425 1697 476 diminuto,
1729 426 1920 483 angulus,

216 496 254 538 P
275 496 324 538 H
345 497 388 547 Q
417 497 461 538 in
489 497 698 538 infinitum
726 497 979 539 diminuetur
998 504 1039 539 et
1058 503 1278 551 propterea
1297 497 1488 540 columna
1500 498 1656 553 jacebit
1673 498 1780 540 intra
1799 497 1922 540 dimi-

215 566 331 609 dium
352 567 608 623 sphaeroidis.
670 567 748 610 Est
765 567 892 625 igitur
911 568 1104 609 columna
1123 566 1193 609 illa
1213 567 1348 609 minor
1367 567 1539 609 dimidio
1560 568 1817 624 sphoeroidis,
1847 573 1924 613 Seu
1951 602 1958 611 .

214 641 375 683 duabus
397 642 526 683 tertiis
545 642 731 697 partibus
762 641 937 698 cylindri
956 642 1071 696 cujus

156 762 159 763 ⁷
202 709 325 755 'basis
341 721 403 754 est
418 713 607 755 circellus
623 713 692 755 ille
708 722 749 756 et
760 713 935 755 altitudo
952 713 996 755 G
1011 712 1073 754 H.
1191 706 1239 765 K
1515 715 1541 751 I

223 784 408 827 Sustinet
437 793 577 829 autem
608 786 797 828 circellus
837 786 921 827 vim
959 799 1080 842 aquae
1156 803 1218 845 Α

215 855 394 910 ponderi
433 857 558 915 hujus
607 858 812 901 columnae
861 858 1077 916 aequalem,

219 924 314 967 clim
341 929 507 984 pondus
537 945 656 986 aquae
685 929 904 972 ambientis
930 931 974 971 in
1004 930 1077 973 de-

216 998 377 1040 fluxum
397 1000 484 1055 ejus
504 1000 778 1056 impendatur.

278 1071 408 1113 Corol.
431 1079 470 1114 9.
517 1072 688 1126 Pondus
709 1088 828 1129 aquae
849 1088 973 1130 quam
994 1074 1073 1114 cir-

216 1141 343 1183 cellus
384 1142 504 1184 valde
542 1157 694 1198 parvus
738 1144 774 1185 P
806 1143 848 1193 Q
889 1144 1072 1194 sustinet,

215 1212 374 1267 aequale
395 1220 458 1254 est
476 1213 652 1267 ponderi
674 1213 849 1269 cylindri
870 1229 989 1270 aquae
1007 1229 1080 1256 cu-

210 1283 279 1338 jus
309 1283 419 1325 basis
449 1292 512 1326 est
541 1284 728 1326 circellus
748 1284 819 1326 ille
838 1292 880 1326 et
899 1285 1074 1327 altitudo

215 1362 278 1395 est
305 1356 332 1407 ᾖ
356 1354 399 1396 G
422 1355 472 1397 H
498 1356 825 1411 quamproxime.
887 1359 939 1413 (¹)
964 1358 1074 1401 Nam

212 1426 376 1481 pondus
397 1426 526 1468 hocce
547 1435 610 1468 est
628 1427 811 1469 medium
839 1429 1068 1471 arithmeti-
1178 1454 1212 1494 C

213 1513 309 1540 cum
323 1498 431 1540 inter
444 1498 631 1553 pondera
648 1499 741 1541 coni
761 1508 801 1542 et
820 1500 1068 1556 hemisphae-

212 1571 340 1613 roidis
368 1571 593 1626 praedictae.
655 1572 714 1614 At
733 1574 768 1615 si
788 1574 977 1616 circellus
997 1575 1066 1617 ille
1086 1590 1171 1618 non
1198 1576 1250 1617 sit
1269 1576 1388 1618 valde
1417 1590 1583 1633 parvm,
1620 1575 1694 1618 sed
1723 1582 1926 1634 augeatur

213 1642 346 1683 donec
366 1650 503 1697 aequet
522 1641 708 1684 foramen
731 1643 769 1684 E
792 1644 851 1694 F;
872 1645 939 1686 hic
960 1647 1175 1690 sustinebit
1186 1647 1349 1702 pondus
1365 1661 1483 1704 aquae
1503 1648 1629 1689 totius
1651 1647 1728 1688 sibi
1747 1662 1926 1704 perpen-

213 1712 449 1754 diculariter
468 1713 731 1765 imminentis,
753 1714 797 1755 id
817 1723 890 1767 est,
913 1716 1077 1771 pondus
1098 1717 1274 1774 cylindri
1294 1730 1413 1774 aquae
1433 1719 1549 1775 cujus
1568 1717 1679 1760 basis
1699 1726 1762 1761 est
1781 1717 1924 1762 circel-

212 1785 366 1854 lusNille
386 1793 428 1827 et
448 1785 623 1827 altitudo
643 1795 705 1828 est
727 1787 770 1828 G
792 1787 852 1828 H.

1382 1420 1686 1496 E‘fissa}
1818 1455 1886 1500 1)·

214 1937 303 1968 aquae
316 1927 350 1957 in
366 1927 414 1965 H,
436 1927 552 1959 lineam
574 1937 699 1960 curvam
724 1929 759 1959 H
779 1929 808 1960 P
821 1934 909 1960 motu
925 1939 1050 1969 compo-

215 1971 274 2001 sito
295 1969 454 2007 describat,
478 1981 636 2001 necessum
652 1977 697 2002 est
711 1978 746 2002 ut
760 1972 895 2011 angulus
920 1973 948 2003 P
965 1973 1001 2003 H
1020 1973 1049 2003 G

215 2013 255 2043 sit
269 2019 386 2049 acutus,
403 2018 434 2042 et
448 2012 576 2052 proinde
590 2013 736 2044 columna
752 2014 781 2045 P
798 2014 833 2044 H
848 2015 880 2050 Q
893 2015 1052 2055 cuspidata

215 2055 250 2085 in
278 2055 325 2085 H.
374 2055 538 2087 Describat
565 2056 650 2086 enim
676 2056 802 2097 guttula
827 2066 915 2098 aquae
934 2057 1048 2088 lineam

1092 1930 1170 1971 gulo
1183 1931 1204 1961 h
1218 1930 1254 1961 H
1266 1940 1308 1968 m,
1325 1940 1380 1961 seu
1394 1930 1511 1972 angulo
1524 1939 1557 1960 m
1569 1930 1604 1961 H
1619 1928 1651 1962 G
1665 1935 1749 1962 recto
1763 1929 1922 1967 existento,

1092 1973 1180 2003 sinus
1204 1974 1311 2014 anguli
1333 1983 1365 2003 m
1390 1974 1425 2004 H
1451 1974 1492 2011 G,
1518 1971 1640 2003 infinite
1660 1974 1760 2014 major
1784 1978 1831 2003 m
1851 1972 1924 2004 sinn

1093 2015 1202 2056 anguli
1217 2017 1237 2045 h
1256 2016 1291 2045 H
1307 2025 1349 2046 m.
1399 2016 1505 2051 Quare
1519 2015 1545 2044 si
1560 2014 1695 2055 angulus
1708 2025 1742 2045 m
1759 2014 1791 2044 H
1812 2014 1843 2045 G
1857 2023 1925 2046 rec-

1091 2064 1144 2088 tus
1159 2058 1207 2094 sit,
1223 2057 1419 2088 horizontalis
1433 2064 1537 2088 motus
1551 2067 1639 2097 aquae
1653 2057 1711 2088 erit
1723 2055 1844 2088 infinit&
1858 2066 1926 2089 mo-

1087 2100 1138 2141 jor
1151 2099 1244 2140 quam
1260 2106 1362 2130 motus
1377 2100 1443 2140 ejus
1454 2099 1612 2130 verticalis.
1651 2099 1745 2136 Quod
1755 2099 1925 2132 absurdum

671 2150 700 2190 Ι
1091 2147 1155 2180 est3
1171 2142 1305 2183 angulus
1319 2142 1415 2183 igitur
1428 2152 1459 2172 m
1478 2142 1514 2172 H
1533 2142 1563 2172 G
1579 2148 1688 2172 acutus
1703 2149 1757 2173 est.

1136 2197 1181 2239 (¹¹)
1200 2200 1216 2218 ¹*
1235 2199 1278 2229 Et
1294 2197 1353 2238 quc}
1368 2199 1470 2228 minor
1483 2203 1525 2228 est
1540 2198 1676 2228 circellus
1686 2199 1717 2228 P
1728 2199 1764 2232 Q.
1799 2196 1883 2227 Nnm
1898 2195 1925 2227 εἰ

588 2239 636 2285 h
673 2253 720 2292 Η
1093 2240 1233 2270 circellus
1250 2240 1278 2270 P
1296 2241 1329 2276 Q
1341 2238 1383 2270 ita
1398 2245 1555 2280 augeatur,
1579 2245 1615 2269 ut
1629 2239 1772 2279 adoequet
1781 2238 1922 2269 foramen
1978 2243 1991 2267 ζ

611 2292 659 2351 V
676 2289 679 2290 ’
1094 2283 1124 2313 Ε
1144 2283 1170 2312 F
1185 2282 1323 2323 illudque
1337 2281 1490 2319 occludat,
1507 2280 1652 2312 columna
1669 2281 1697 2311 P
1714 2280 1749 2312 H
1769 2282 1802 2317 Q
1814 2280 1924 2312 evadet

1093 2324 1268 2364 cylindrica,
1294 2331 1325 2355 et
1345 2330 1428 2355 recta
1443 2335 1474 2354 m
1491 2325 1511 2354 h
1533 2323 1725 2355 coincidente
1750 2333 1823 2354 cum
1847 2322 1883 2353 H
1899 2322 1920 2352 h

1094 2367 1229 2408 angulus
1250 2377 1281 2397 m
1300 2368 1334 2398 H
1356 2368 1386 2398 G
1408 2373 1508 2397 rectus
1522 2366 1600 2403 erit3
1627 2371 1659 2396 et
1679 2363 1786 2396 contr&
1799 2364 1921 2397 cir-cello
1963 2383 1966 2387 ⁴

1093 2410 1125 2439 in
1147 2410 1302 2440 infinitum
1325 2409 1487 2444 diminuto,
1514 2406 1664 2439 coincidet
1687 2406 1723 2438 H
1737 2417 1769 2438 m
1788 2407 1824 2444 P,
1847 2418 1920 2439 cum

1093 2462 1150 2482 axe
1167 2452 1202 2482 H
1223 2453 1262 2487 G,
1285 2452 1480 2492 angulusque
1495 2461 1525 2481 m
1544 2451 1580 2482 H
1599 2451 1628 2481 G
1643 2455 1808 2481 evanescet.
1858 2450 1921 2481 Co-

1093 2494 1200 2525 lumna
1215 2494 1310 2534 igitur
1324 2502 1385 2524 tam
1401 2494 1441 2524 ad
1456 2494 1624 2533 superiores
1639 2499 1739 2532 partes
1753 2490 1858 2523 versus
1871 2493 1917 2529 H,

1093 2535 1188 2577 quaeim
1203 2536 1243 2567 ad
1258 2537 1415 2566 inferiores
1430 2543 1530 2575 partes
1544 2534 1648 2566 versus
1661 2533 1692 2565 Ρ
1703 2540 1735 2566 εκ
1752 2534 1793 2571 Q,
1805 2535 1920 2576 jacebit
1938 2549 1958 2585 'i

1091 2578 1173 2610 intr&
1187 2578 1350 2610 dimidium
1365 2578 1550 2618 sphaeroidis.
1938 2581 1958 2615 ςᾲ

1136 2634 1181 2676 (¹)
1204 2638 1217 2654 ³
1236 2632 1318 2667 Nam
1330 2637 1453 2675 pondus
1467 2636 1552 2665 hocce
1566 2639 1608 2665 est
1622 2635 1753 2665 medium
1775 2635 1919 2666 arithmo-

1092 2679 1198 2709 ticum.
1245 2676 1326 2708 Cum
1350 2677 1432 2707 enim
1456 2677 1600 2707 columna
1625 2676 1679 2706 illa
1704 2686 1800 2716 aquae,
1823 2686 1916 2717 quun

1093 2720 1232 2750 circellus
1247 2719 1334 2750 valde
1356 2730 1466 2759 parvus
1486 2719 1624 2755 sustinet,
1652 2719 1749 2759 major
1769 2718 1809 2748 sit
1829 2717 1918 2750 tertii

1093 2769 1177 2802 parte
1192 2761 1321 2803 cylindri
1342 2763 1430 2802 cujus
1444 2761 1522 2792 basis
1537 2768 1581 2791 est
1595 2761 1735 2792 circellus
1748 2760 1800 2791 ille
1821 2767 1855 2792 et
1872 2761 1918 2793 d-

1092 2805 1193 2835 titudo
1221 2804 1253 2835 H
1275 2805 1304 2835 G
1321 2804 1409 2846 (eor.
1424 2803 1481 2844 7.),
1505 2810 1537 2833 et
1560 2805 1661 2834 minor
1681 2803 1805 2834 duabu·
1818 2802 1918 2834 suffla

1092 2849 1230 2886 partibus
1251 2846 1387 2889 ejusdem
1413 2846 1541 2886 cylindri
1568 2846 1656 2886 (Cor.
1685 2845 1746 2885 8.),
1770 2847 1828 2876 etit
1849 2843 1916 2876 fue

1093 2891 1218 2930 aequalis
1232 2890 1334 2920 medio
1343 2887 1532 2920 arithmetico
1545 2888 1623 2918 inter
1636 2887 1794 2928 cylindros>
1803 2887 1826 2929 ᾖ·
1841 2887 1871 2919 P
1882 2887 1918 2924 Q

473 2798 513 2836 P
628 2805 671 2841 G-
791 2807 830 2847 0,,

219 2899 312 2929 quam
327 2891 487 2922 minimam
503 2892 538 2922 H
548 2892 579 2928 h,
592 2897 680 2922 motu
695 2890 882 2927 horizontali,
900 2897 931 2921 et
942 2890 1048 2921 eodem

219 2935 363 2972 temporis
378 2940 536 2965 momento
557 2935 670 2965 lineam
693 2935 712 2964 h
728 2945 770 2971 m,
795 2941 882 2964 motu
904 2934 1047 2970 verticali,

219 2974 310 3014 atque
326 2987 430 3006 arcum
450 2977 483 3007 H
500 2987 532 3007 m
547 2984 635 3007 motu
651 2976 837 3016 composit03
862 2983 892 3006 et
907 2976 1049 3007 velocitas

218 3016 414 3049 horizontalis
437 3020 494 3049 erit
522 3019 562 3050 ad
590 3019 782 3050 velocitatem
812 3019 984 3050 verticnlem
1014 3025 1049 3049 ut

221 3058 438 3097 Hhadhm‚
455 3061 555 3098 idest,
572 3062 787 3093 utsinushm
806 3061 1047 3092 HseanG

217 3101 258 3133 od
272 3102 376 3133 alnum
391 3103 499 3143 anguli
515 3104 535 3133 h
553 3104 588 3134 H
603 3113 646 3135 m.
696 3103 756 3136 sed
776 3110 974 3136 evanescente
993 3112 1047 3135 nn-

1095 2930 1596 2976 xflG,ee}PQ><HG.
1647 2932 1916 2961 Eanum-0-

1092 2976 1180 3006 dium
1193 2975 1268 3006 illud
1280 2974 1503 3006 arithmeticum
1516 2973 1633 3014 aequale
1640 2972 1776 3007 dimidias
1786 2978 1916 3003 enm

1092 3018 1216 3048 illorum
1231 3017 1448 3058 cylindrorum,
1464 3016 1495 3046 id
1511 3025 1564 3051 ost,
1588 3016 1728 3056 cylindro
1746 3014 1768 3056 ᾗ
1784 3013 1812 3045 Ρ
1829 3014 1863 3050 Q
1877 3016 1911 3051 χ

1094 3060 1133 3090 Η
1149 3061 1189 3097 G,
1213 3057 1307 3103 cujus
1323 3058 1403 3091 bani·
1416 3065 1462 3090 est
1475 3059 1616 3090 circeum
1634 3058 1661 3090 P
1679 3058 1720 3096 Q,
1742 3063 1774 3088 ot
1785 3055 1916 3088 eluendo
