2066 3548
243 228 323 267 128

637 221 1085 266 PHILOSOPHIAE
1117 220 1476 263 NATURALIS

1563 219 1702 272 [Mo'r.
1725 219 1924 267 Conpon-

908 553 1149 604 SECTIO
1181 554 1243 602 V.

271 680 351 728 De
367 680 585 728 densitate
605 687 652 727 et
668 679 996 743 compressione,
997 680 1260 740 fluidorum,
1286 681 1426 741 deque
1447 676 1771 740 hydrostaticci.
1796 677 1875 741 ζ’)

890 800 1091 843 Definitio
1112 799 1262 842 Fluidi.

233 915 418 956 Fluidum
437 919 494 955 est
512 926 650 967 corpus
669 927 789 963 omne,
811 911 916 967 cnjus
930 917 1072 966 partes
1090 913 1231 953 cedunt
1251 913 1291 953 vi
1309 913 1519 966 cuicunque
1534 913 1672 963 illatae,
1692 918 1732 954 et
1749 911 1918 954 cedendo

800 988 935 1043 facile
953 993 1152 1029 moventur
1171 987 1276 1028 inter
1294 1001 1346 1028 se.

518 1154 890 1197 PROPOSITIO
920 1153 1051 1195 XIX.

1110 1149 1467 1194 THEOREMA
1497 1150 1609 1192 XIV

226 1270 369 1311 Fluidi
395 1270 620 1324 homogenei
649 1276 686 1311 et
715 1271 875 1319 immoti,
912 1269 1016 1324 quod
1033 1268 1077 1309 in
1105 1282 1194 1310 vase
1221 1281 1443 1322 quocunque
1471 1267 1625 1307 immoto
1653 1266 1852 1307 clauditur
1877 1267 1917 1305 et

284 1341 456 1394 undique
475 1328 756 1393 comprimitur,
784 1346 926 1393 partes
945 1353 1073 1381 omnes
1103 1336 1300 1393 (seposita
1326 1337 1654 1386 condensationis,
1683 1335 1915 1390 gravitatis,

284 1416 323 1450 et
346 1410 487 1450 virium
507 1411 675 1450 omnium
694 1411 999 1463 centripetarum
1018 1406 1358 1462 consideratione)
1378 1406 1585 1460 aequaliter
1595 1404 1829 1459 premuntur
1842 1418 1916 1446 un-

284 1480 412 1532 dique,
434 1486 473 1520 et
490 1481 576 1521 sine
595 1481 701 1521 omni
721 1486 825 1521 motu
843 1495 870 1521 a
881 1480 1086 1534 pressione
1105 1477 1178 1519 illd
1197 1483 1285 1519 orto
1295 1483 1533 1531 permanent
1552 1478 1596 1518 in
1614 1477 1709 1518 loeis
1727 1476 1819 1518 suis.

287 1590 374 1631 Cas.
401 1596 449 1632 1(
479 1590 530 1632 In
549 1605 643 1632 vase
664 1588 865 1646 sphaerico
885 1590 927 1632 A
948 1589 986 1632 B
1003 1589 1039 1632 C
1059 1588 1271 1631 claudatur
1290 1595 1331 1630 et
1349 1587 1608 1629 uniformiter
1623 1561 1917 1642 comprimatur

227 1661 399 1702 fluidum
420 1660 622 1717 undique:
652 1661 745 1702 dico
765 1660 876 1717 quod
895 1659 1077 1716 ejusdem
1101 1673 1196 1715 pars
1216 1658 1328 1700 nulla
1348 1673 1401 1700 ex
1419 1657 1487 1699 illa
1505 1658 1715 1713 pressione
1734 1657 1915 1698 movebi-

227 1739 307 1772 tur.

367 1730 476 1771 Nam
496 1731 530 1772 si
548 1745 643 1786 pars
673 1730 809 1787 aliqua
827 1731 872 1773 D
891 1738 1114 1780 moveatur,
1150 1743 1317 1771 necesse
1345 1736 1407 1770 est
1436 1736 1482 1770 ut
1509 1742 1651 1775 omnes
1679 1727 1914 1786 huJusmodi

227 1808 364 1855 partes
384 1800 438 1841 ad
457 1799 628 1842 eandem
648 1815 673 1842 a
691 1808 834 1842 centro
862 1800 1095 1843 distantiam
1121 1800 1303 1858 undique
1333 1799 1610 1849 consistentes,
1643 1797 1765 1839 simili
1797 1805 1914 1840 motu

271 1914 322 1956 (³¹³)
341 1918 410 1946 168.
434 1910 650 1954 Hydrostaticd
665 1917 710 1942 est
723 1911 848 1942 scientia
862 1910 1050 1951 pressionum

227 1966 303 1996 quas
330 1956 426 1987 fluida
440 1956 487 1986 vel
501 1956 636 1994 ipsorum
657 1960 756 1992 partes
770 1954 802 1983 in
825 1963 857 1984 se
877 1951 988 1984 mutuo
1003 1953 1051 1984 vel

228 1998 260 2028 in
275 2008 399 2038 corpora
413 1997 509 2028 solida
524 2001 672 2027 exercent.

273 2043 340 2072 169.
389 2042 539 2072 Fluidum
566 2041 781 2078 homage-neum
808 2037 929 2075 dicitur,
961 2038 1050 2079 cujus

230 2081 362 2113 densitas
376 2089 420 2112 est
434 2080 605 2118 uniformis,
621 2078 698 2110 adeo
710 2086 748 2110 ut
761 2080 907 2110 nimirum
926 2080 1052 2121 aequalis

230 2124 363 2154 materiae
390 2124 543 2164 quantitas
570 2124 627 2153 sub
655 2121 861 2152 voluminibus
884 2122 1051 2162 aequalibus

231 2166 345 2206 ubique
372 2176 426 2205 per
451 2171 547 2196 totam
574 2164 662 2194 fluidi
690 2173 821 2194 massam
849 2165 1050 2202 contineatur,

229 2210 371 2249 fluidum
391 2211 615 2248 heterogeneum
636 2205 805 2246 appellatur
818 2206 907 2247 cujus
921 2206 1053 2238 densitas

234 2250 471 2281 uniformis‘non
486 2256 540 2280 est.

275 2295 344 2323 170.
384 2294 521 2324 Gravitas
534 2292 667 2334 specifica
681 2289 813 2330 corporis
827 2296 872 2321 est
885 2292 961 2322 ratio
975 2301 1052 2331 pon-

233 2333 312 2364 deris
332 2334 468 2375 ejusdem
488 2334 529 2364 ad
542 2334 705 2370 volumen3
727 2332 770 2363 ini.
784 2338 820 2363 ut
834 2343 959 2373 corpora
972 2334 1053 2374 ejus-

233 2375 304 2406 dem
317 2376 471 2417 gravitatis
484 2375 631 2415 specfficae
642 2374 782 2406 dicantur
795 2385 865 2416 quae
879 2377 936 2406 sub
951 2386 1053 2416 aequa-

233 2418 313 2449 libus
333 2418 539 2449 voluminibus
559 2417 676 2458 aequale
694 2417 814 2456 pondus
827 2418 958 2456 habent;
984 2428 1052 2457 spe-

234 2460 318 2491 cifice
339 2460 476 2501 graviora
498 2460 545 2490 vel
567 2459 678 2490 leviora
701 2469 771 2499 quae
799 2461 857 2490 sub
885 2460 1053 2500 aequalibus

235 2503 440 2533 voluminibus
453 2503 552 2542 majus
572 2501 621 2532 vel
641 2502 744 2531 minus
763 2501 884 2541 pondus
899 2502 1051 2539 continet;

209 2567 211 2569 -
234 2544 327 2585 quare
349 2555 421 2576 cum
445 2544 576 2575 densitas
600 2544 639 2574 sit
663 2543 740 2574 ratio
766 2554 874 2575 massae
901 2543 941 2574 ad
965 2544 1052 2574 volu-

232 2597 303 2617 men
317 2587 449 2626 corporis
464 2588 508 2628 (2.
529 2586 598 2617 Lib.
619 2585 664 2626 1.)
691 2585 744 2616 ubi
767 2585 903 2625 pondera
923 2591 995 2616 sunt
1016 2592 1051 2617 ut

231 2639 346 2665 massae,
363 2630 522 2669 gravitates
536 2627 682 2667 specificae
696 2633 768 2658 sunt
780 2634 814 2658 ut
824 2628 994 2659 densitates-

275 2675 346 2703 171.
370 2671 510 2702 Lemma„
535 2673 705 2702 Pressiones
719 2681 795 2710 quas
806 2681 927 2710 corpora
942 2672 1052 2711 quoevis

231 2714 266 2744 in
280 2724 309 2744 se
324 2713 422 2745 motu&
437 2712 774 2755 etcrcent,fiuntjuoetd
789 2714 961 2744 directiones
971 2724 1051 2743 com-

232 2757 321 2786 muni
342 2758 432 2796 plano
455 2757 643 2796 contingenti
659 2755 930 2795 perpendiculares,
951 2761 979 2785 et
995 2766 1052 2794 per

227 2803 383 2837 punctum
398 2800 603 2838 contingentiae
612 2799 783 2829 eorumdem
794 2807 952 2837 corporum
966 2803 1052 2829 tran·-

232 2847 329 2871 scunt.

278 2882 396 2921 Corpus
419 2882 452 2912 N
467 2882 495 2912 vi
510 2880 645 2923 qualibet
663 2880 833 2913 secundum
853 2879 1051 2912 directionem

236 2922 263 2952 F
281 2924 306 2954 C
323 2932 477 2964 urgeatur,
503 2930 704 2965 tangaturque
718 2925 749 2954 in
767 2923 800 2954 D
814 2933 834 2953 a
847 2933 971 2962 corpore
993 2924 1033 2954 M
1042 2936 1052 2963 ;

234 2965 417 3002 producatur
434 2967 460 2997 F
478 2967 503 2998 C
523 2973 559 2997 ut
573 2966 665 3005 plano
689 2967 719 2998 A
736 2967 765 2997 B
786 2965 869 3006 quod
889 2971 1054 3006 utrumque

1094 1911 1127 1943 D
1148 1910 1230 1942 recta
1252 1911 1286 1941 D
1304 1911 1330 1941 C
1349 1909 1388 1940 nd
1409 1909 1538 1949 planum
1563 1909 1591 1940 A
1611 1910 1640 1940 B
1661 1909 1912 1949 perpendiculari,

1092 1954 1136 1983 vis
1150 1953 1211 1993 (1υὲ
1225 1963 1336 1992 corpus
1353 1953 1382 1982 N
1398 1958 1533 1992 urgetur,
1549 1958 1718 1982 exnonatur
1732 1962 1785 1990 per
1799 1951 1911 1982 lineam

1095 1996 1121 2027 C
1138 1996 1184 2032 H,
1210 2002 1242 2026 et
1265 1996 1331 2025 haec
1356 1996 1424 2035 (per
1445 1995 1522 2033 Leg.
1543 1994 1622 2023 Mor..
1642 1994 1712 2023 Cor.
1731 1993 1779 2032 9.)
1804 1995 1915 2028 resolvi

1091 2037 1200 2078 poterit
1214 2038 1247 2068 in
1262 2038 1339 2067 vires
1353 2036 1580 2077 aequipollentes
1596 2036 1622 2067 C
1636 2036 1670 2066 D
1684 2043 1715 2066 et
1731 2036 1763 2066 D
1777 2035 1824 2066 H.
1852 2037 1912 2068 Sed

1093 2895 1203 2924 eorpus
1228 2885 1267 2916 M
1290 2884 1416 2915 minime
1437 2884 1584 2923 premitur
1597 2884 1626 2914 vi
1644 2884 1677 2915 D
1695 2884 1729 2914 H
1744 2882 1913 2914 secuudum

1095 2927 1293 2957 directionem
1307 2927 1390 2966 plani
1404 2926 1561 2957 contactus
1582 2932 1710 2967 agente;
1736 2924 1829 2966 quare
1849 2922 1914 2955 sol&

1095 2969 1125 2999 vi
1143 2970 1168 3000 C
1182 2969 1214 2999 D
1228 2969 1268 2999 ad
1281 2969 1406 3007 planum
1425 2969 1453 2998 Α
1469 2969 1496 2998 Β
1514 2969 1642 3001 normali
1655 2974 1685 2999 et
1698 2977 1753 3007 per
1765 2972 1915 3006 punctum

234 3015 345 3047 corpus
359 3009 509 3050 contingit
522 3008 556 3038 in
573 3009 605 3039 D
620 3015 758 3040 occurrat
770 3008 804 3039 in
819 3007 866 3046 H,
889 3006 984 3039 ducti
1004 3018 1058 3048 per
1099 3011 1256 3053 contactos
1274 3011 1306 3042 D
1320 3016 1492 3041 transeunte
1505 3011 1662 3050 premitur.
1709 3010 1752 3047 Q.
1767 3018 1794 3040 e·
1811 3007 1842 3039 d.
