<?xml version="1.0" encoding="UTF-8"?>
<!DOCTYPE html PUBLIC "-//W3C//DTD XHTML 1.0 Transitional//EN"
    "http://www.w3.org/TR/xhtml1/DTD/xhtml1-transitional.dtd">
<html xmlns="http://www.w3.org/1999/xhtml" xml:lang="en" lang="en">
 <head>
  <title>
</title>
<meta http-equiv="Content-Type" content="text/html;charset=utf-8" />
  <meta name='ocr-system' content='tesseract 3.04.00' />
  <meta name='ocr-capabilities' content='ocr_page ocr_carea ocr_par ocr_line ocrx_word'/>
</head>
<body>
  <div class='ocr_page' id='page_1' title='image "./philosophiaenatu02newtuoft_0143.png"; bbox 0 0 2066 3548; ppageno 0'>
   <div class='ocr_carea' id='block_1_1' title="bbox 118 157 137 181">
    <p class='ocr_par' dir='ltr' id='par_1_1' title="bbox 118 157 137 181">
     <span class='ocr_line' id='line_1_1' title="bbox 118 157 137 181; baseline 0 0"><span class='ocrx_word' id='word_1_1' title='bbox 118 157 137 181; x_wconf 58' lang='grc' dir='ltr'>ἱ</span> 
     </span>
    </p>
   </div>
   <div class='ocr_carea' id='block_1_2' title="bbox 142 222 1854 275">
    <p class='ocr_par' dir='ltr' id='par_1_2' title="bbox 142 222 1854 275">
     <span class='ocr_line' id='line_1_2' title="bbox 142 222 1854 275; baseline -0.003 -1"><span class='ocrx_word' id='word_1_2' title='bbox 142 231 292 275; x_wconf 71' lang='lat' dir='ltr'><strong>ann</strong></span> <span class='ocrx_word' id='word_1_3' title='bbox 312 222 507 275; x_wconf 66' lang='lat' dir='ltr'><strong>Sssc&#39;mm.</strong></span> <span class='ocrx_word' id='word_1_4' title='bbox 571 228 894 274; x_wconf 88' lang='lat' dir='ltr'>PRINCIPIA</span> <span class='ocrx_word' id='word_1_5' title='bbox 925 225 1421 270; x_wconf 85' lang='lat' dir='ltr'><strong>MATHEMATICA.</strong></span> <span class='ocrx_word' id='word_1_6' title='bbox 1775 230 1854 269; x_wconf 83' lang='lat'><strong>129</strong></span> 
     </span>
    </p>
   </div>
   <div class='ocr_carea' id='block_1_3' title="bbox 134 338 1857 1619">
    <p class='ocr_par' dir='ltr' id='par_1_3' title="bbox 134 338 1857 1055">
     <span class='ocr_line' id='line_1_3' title="bbox 139 338 1855 399; baseline -0.003 -13"><span class='ocrx_word' id='word_1_7' title='bbox 139 344 264 388; x_wconf 88' lang='lat' dir='ltr'><strong>simul</strong></span> <span class='ocrx_word' id='word_1_8' title='bbox 280 350 525 386; x_wconf 78' lang='lat' dir='ltr'><strong>moveantur</strong></span> <span class='ocrx_word' id='word_1_9' title='bbox 535 358 547 393; x_wconf 91' lang='lat'>;</span> <span class='ocrx_word' id='word_1_10' title='bbox 568 350 692 399; x_wconf 81' lang='lat' dir='ltr'><strong>atque</strong></span> <span class='ocrx_word' id='word_1_11' title='bbox 710 341 792 384; x_wconf 90' lang='lat' dir='ltr'><strong>hoc</strong></span> <span class='ocrx_word' id='word_1_12' title='bbox 809 339 906 382; x_wconf 74' lang='lat' dir='ltr'><strong>ideo</strong></span> <span class='ocrx_word' id='word_1_13' title='bbox 926 340 1024 395; x_wconf 84' lang='lat' dir='ltr'><strong>quia</strong></span> <span class='ocrx_word' id='word_1_14' title='bbox 1042 338 1186 381; x_wconf 89' lang='lat' dir='ltr'><strong>similis</strong></span> <span class='ocrx_word' id='word_1_15' title='bbox 1207 347 1250 380; x_wconf 88' lang='lat' dir='ltr'><strong>et</strong></span> <span class='ocrx_word' id='word_1_16' title='bbox 1269 338 1440 394; x_wconf 81' lang='lat' dir='ltr'><strong>aequalis</strong></span> <span class='ocrx_word' id='word_1_17' title='bbox 1461 345 1524 379; x_wconf 89' lang='lat' dir='ltr'><strong>est</strong></span> <span class='ocrx_word' id='word_1_18' title='bbox 1538 338 1726 379; x_wconf 90' lang='lat' dir='ltr'><strong>omnium</strong></span> <span class='ocrx_word' id='word_1_19' title='bbox 1739 353 1855 392; x_wconf 89' lang='lat' dir='ltr'><strong>pres-</strong></span> 
     </span>
     <span class='ocr_line' id='line_1_4' title="bbox 139 408 1853 467; baseline -0.005 -9"><span class='ocrx_word' id='word_1_20' title='bbox 139 417 214 467; x_wconf 69' lang='lat' dir='ltr'><strong>sio,</strong></span> <span class='ocrx_word' id='word_1_21' title='bbox 246 423 287 458; x_wconf 89' lang='lat' dir='ltr'><strong>et</strong></span> <span class='ocrx_word' id='word_1_22' title='bbox 309 423 445 456; x_wconf 90' lang='lat' dir='ltr'><strong>motus</strong></span> <span class='ocrx_word' id='word_1_23' title='bbox 466 415 600 456; x_wconf 88' lang='lat' dir='ltr'><strong>omnis</strong></span> <span class='ocrx_word' id='word_1_24' title='bbox 620 413 812 456; x_wconf 84' lang='lat' dir='ltr'><strong>exclusus</strong></span> <span class='ocrx_word' id='word_1_25' title='bbox 833 411 1095 467; x_wconf 83' lang='lat' dir='ltr'><strong>supponitur,</strong></span> <span class='ocrx_word' id='word_1_26' title='bbox 1126 410 1207 451; x_wconf 92' lang='lat' dir='ltr'><strong>nisi</strong></span> <span class='ocrx_word' id='word_1_27' title='bbox 1227 410 1298 466; x_wconf 91' lang='lat' dir='ltr'><strong>qui</strong></span> <span class='ocrx_word' id='word_1_28' title='bbox 1319 425 1344 451; x_wconf 85' lang='lat' dir='ltr'><strong>a</strong></span> <span class='ocrx_word' id='word_1_29' title='bbox 1362 409 1574 465; x_wconf 87' lang='lat' dir='ltr'>pressione</span> <span class='ocrx_word' id='word_1_30' title='bbox 1593 408 1663 450; x_wconf 70' lang='lat' dir='ltr'><strong>illa</strong></span> <span class='ocrx_word' id='word_1_31' title='bbox 1684 410 1853 451; x_wconf 85' lang='lat' dir='ltr'><strong>oriatur.</strong></span> 
     </span>
     <span class='ocr_line' id='line_1_5' title="bbox 138 482 1853 546; baseline -0.005 -15"><span class='ocrx_word' id='word_1_32' title='bbox 138 488 270 546; x_wconf 88' lang='lat' dir='ltr'><strong>Atqui</strong></span> <span class='ocrx_word' id='word_1_33' title='bbox 295 502 381 529; x_wconf 91' lang='lat' dir='ltr'><strong>non</strong></span> <span class='ocrx_word' id='word_1_34' title='bbox 406 495 579 543; x_wconf 87' lang='lat' dir='ltr'><strong>possunt</strong></span> <span class='ocrx_word' id='word_1_35' title='bbox 598 500 739 528; x_wconf 86' lang='lat' dir='ltr'><strong>omnes</strong></span> <span class='ocrx_word' id='word_1_36' title='bbox 757 484 812 527; x_wconf 85' lang='lat' dir='ltr'><strong>ad</strong></span> <span class='ocrx_word' id='word_1_37' title='bbox 831 485 1021 526; x_wconf 83' lang='lat' dir='ltr'><strong>centrum</strong></span> <span class='ocrx_word' id='word_1_38' title='bbox 1048 483 1223 539; x_wconf 90' lang='lat' dir='ltr'><strong>propius</strong></span> <span class='ocrx_word' id='word_1_39' title='bbox 1254 483 1465 534; x_wconf 87' lang='lat' dir='ltr'><strong>accedere,</strong></span> <span class='ocrx_word' id='word_1_40' title='bbox 1498 483 1579 524; x_wconf 91' lang='lat' dir='ltr'><strong>nisi</strong></span> <span class='ocrx_word' id='word_1_41' title='bbox 1597 482 1771 523; x_wconf 90' lang='lat' dir='ltr'><strong>fluidum</strong></span> <span class='ocrx_word' id='word_1_42' title='bbox 1802 482 1853 522; x_wconf 83' lang='lat' dir='ltr'><strong>ad</strong></span> 
     </span>
     <span class='ocr_line' id='line_1_6' title="bbox 137 553 1855 612; baseline -0.005 -10"><span class='ocrx_word' id='word_1_43' title='bbox 137 567 325 602; x_wconf 82' lang='lat' dir='ltr'><strong>centrum</strong></span> <span class='ocrx_word' id='word_1_44' title='bbox 345 558 644 607; x_wconf 83' lang='lat' dir='ltr'><strong>condensetur3</strong></span> <span class='ocrx_word' id='word_1_45' title='bbox 672 563 818 599; x_wconf 84' lang='lat' dir='ltr'><strong>contra</strong></span> <span class='ocrx_word' id='word_1_46' title='bbox 836 555 1100 612; x_wconf 87' lang='lat' dir='ltr'><strong>hypothesin.</strong></span> <span class='ocrx_word' id='word_1_47' title='bbox 1162 554 1261 596; x_wconf 90' lang='lat' dir='ltr'><strong>Non</strong></span> <span class='ocrx_word' id='word_1_48' title='bbox 1280 563 1455 609; x_wconf 90' lang='lat' dir='ltr'><strong>possunt</strong></span> <span class='ocrx_word' id='word_1_49' title='bbox 1465 553 1632 611; x_wconf 74' lang='lat' dir='ltr'><strong>longius</strong></span> <span class='ocrx_word' id='word_1_50' title='bbox 1653 553 1705 595; x_wconf 92' lang='lat' dir='ltr'><strong>ab</strong></span> <span class='ocrx_word' id='word_1_51' title='bbox 1727 567 1778 594; x_wconf 91' lang='lat' dir='ltr'><strong>eo</strong></span> <span class='ocrx_word' id='word_1_52' title='bbox 1791 567 1855 593; x_wconf 89' lang='lat' dir='ltr'><strong>re-</strong></span> 
     </span>
     <span class='ocr_line' id='line_1_7' title="bbox 136 625 1855 683; baseline -0.005 -8"><span class='ocrx_word' id='word_1_53' title='bbox 136 632 296 683; x_wconf 84' lang='lat' dir='ltr'><strong>cedere,</strong></span> <span class='ocrx_word' id='word_1_54' title='bbox 318 633 397 674; x_wconf 90' lang='lat' dir='ltr'><strong>nisi</strong></span> <span class='ocrx_word' id='word_1_55' title='bbox 416 632 591 673; x_wconf 86' lang='lat' dir='ltr'><strong>fluidum</strong></span> <span class='ocrx_word' id='word_1_56' title='bbox 609 629 662 672; x_wconf 88' lang='lat' dir='ltr'><strong>ad</strong></span> <span class='ocrx_word' id='word_1_57' title='bbox 683 628 1055 671; x_wconf 75' lang='lat' dir='ltr'><strong>circumferentiam</strong></span> <span class='ocrx_word' id='word_1_58' title='bbox 1074 627 1374 676; x_wconf 87' lang='lat' dir='ltr'><strong>condensetur3</strong></span> <span class='ocrx_word' id='word_1_59' title='bbox 1412 627 1536 668; x_wconf 87' lang='lat' dir='ltr'><strong>etiam</strong></span> <span class='ocrx_word' id='word_1_60' title='bbox 1556 634 1701 668; x_wconf 86' lang='lat' dir='ltr'><strong>contra</strong></span> <span class='ocrx_word' id='word_1_61' title='bbox 1719 625 1855 681; x_wconf 79' lang='lat' dir='ltr'><strong>hypo-</strong></span> 
     </span>
     <span class='ocr_line' id='line_1_8' title="bbox 137 697 1854 758; baseline -0.005 -12"><span class='ocrx_word' id='word_1_62' title='bbox 137 703 285 746; x_wconf 85' lang='lat' dir='ltr'><strong>thesin.</strong></span> <span class='ocrx_word' id='word_1_63' title='bbox 345 703 445 745; x_wconf 93' lang='lat' dir='ltr'><strong>Non</strong></span> <span class='ocrx_word' id='word_1_64' title='bbox 471 709 648 758; x_wconf 91' lang='lat' dir='ltr'><strong>possunt</strong></span> <span class='ocrx_word' id='word_1_65' title='bbox 675 700 833 743; x_wconf 63' lang='lat' dir='ltr'><strong>servata</strong></span> <span class='ocrx_word' id='word_1_66' title='bbox 866 699 941 742; x_wconf 64' lang='lat' dir='ltr'><strong>sua</strong></span> <span class='ocrx_word' id='word_1_67' title='bbox 970 715 996 742; x_wconf 87' lang='lat' dir='ltr'><strong>a</strong></span> <span class='ocrx_word' id='word_1_68' title='bbox 1025 706 1168 742; x_wconf 91' lang='lat' dir='ltr'><strong>centro</strong></span> <span class='ocrx_word' id='word_1_69' title='bbox 1200 698 1394 740; x_wconf 64' lang='lat' dir='ltr'><strong>distantia</strong></span> <span class='ocrx_word' id='word_1_70' title='bbox 1425 698 1583 740; x_wconf 88' lang='lat' dir='ltr'><strong>moveri</strong></span> <span class='ocrx_word' id='word_1_71' title='bbox 1612 698 1657 738; x_wconf 92' lang='lat' dir='ltr'><strong>in</strong></span> <span class='ocrx_word' id='word_1_72' title='bbox 1685 697 1854 754; x_wconf 78' lang='lat' dir='ltr'><strong>plagam</strong></span> 
     </span>
     <span class='ocr_line' id='line_1_9' title="bbox 136 772 1857 832; baseline -0.003 -14"><span class='ocrx_word' id='word_1_73' title='bbox 136 789 438 832; x_wconf 80' lang='lat' dir='ltr'><strong>quamcunque,</strong></span> <span class='ocrx_word' id='word_1_74' title='bbox 474 775 572 831; x_wconf 85' lang='lat' dir='ltr'><strong>quia</strong></span> <span class='ocrx_word' id='word_1_75' title='bbox 600 775 692 830; x_wconf 86' lang='lat' dir='ltr'><strong>pari</strong></span> <span class='ocrx_word' id='word_1_76' title='bbox 725 775 886 817; x_wconf 84' lang='lat' dir='ltr'><strong>ratione</strong></span> <span class='ocrx_word' id='word_1_77' title='bbox 916 773 1194 816; x_wconf 84' lang='lat' dir='ltr'><strong>movebuntur</strong></span> <span class='ocrx_word' id='word_1_78' title='bbox 1227 773 1273 814; x_wconf 89' lang='lat' dir='ltr'><strong>in</strong></span> <span class='ocrx_word' id='word_1_79' title='bbox 1303 772 1469 830; x_wconf 84' lang='lat' dir='ltr'><strong>plagam</strong></span> <span class='ocrx_word' id='word_1_80' title='bbox 1502 772 1776 821; x_wconf 86' lang='lat' dir='ltr'><strong>contrariam3</strong></span> <span class='ocrx_word' id='word_1_81' title='bbox 1812 772 1857 812; x_wconf 90' lang='lat' dir='ltr'><strong>in</strong></span> 
     </span>
     <span class='ocr_line' id='line_1_10' title="bbox 134 844 1855 906; baseline -0.003 -16"><span class='ocrx_word' id='word_1_82' title='bbox 134 849 278 906; x_wconf 81' lang='lat' dir='ltr'><strong>plagas</strong></span> <span class='ocrx_word' id='word_1_83' title='bbox 297 856 436 890; x_wconf 83' lang='lat' dir='ltr'><strong>autem</strong></span> <span class='ocrx_word' id='word_1_84' title='bbox 456 849 683 890; x_wconf 85' lang='lat' dir='ltr'><strong>contrarias</strong></span> <span class='ocrx_word' id='word_1_85' title='bbox 702 863 787 890; x_wconf 87' lang='lat' dir='ltr'><strong>non</strong></span> <span class='ocrx_word' id='word_1_86' title='bbox 807 856 944 904; x_wconf 89' lang='lat' dir='ltr'><strong>potest</strong></span> <span class='ocrx_word' id='word_1_87' title='bbox 962 860 1060 902; x_wconf 85' lang='lat' dir='ltr'><strong>pars</strong></span> <span class='ocrx_word' id='word_1_88' title='bbox 1080 845 1241 895; x_wconf 84' lang='lat' dir='ltr'><strong>eadem,</strong></span> <span class='ocrx_word' id='word_1_89' title='bbox 1273 846 1421 888; x_wconf 90' lang='lat' dir='ltr'><strong>eodem</strong></span> <span class='ocrx_word' id='word_1_90' title='bbox 1451 844 1651 901; x_wconf 84' lang='lat' dir='ltr'><strong>tempore,</strong></span> <span class='ocrx_word' id='word_1_91' title='bbox 1683 844 1855 886; x_wconf 90' lang='lat' dir='ltr'><strong>moveri.</strong></span> 
     </span>
     <span class='ocr_line' id='line_1_11' title="bbox 138 916 1414 977; baseline -0.003 -15"><span class='ocrx_word' id='word_1_92' title='bbox 138 920 254 977; x_wconf 63' lang='grc' dir='ltr'><strong>Εῐςο</strong></span> <span class='ocrx_word' id='word_1_93' title='bbox 271 920 390 961; x_wconf 80' lang='lat' dir='ltr'><strong>fluidi</strong></span> <span class='ocrx_word' id='word_1_94' title='bbox 408 934 504 975; x_wconf 81' lang='lat' dir='ltr'><strong>pars</strong></span> <span class='ocrx_word' id='word_1_95' title='bbox 523 919 639 961; x_wconf 89' lang='lat' dir='ltr'><strong>nulla</strong></span> <span class='ocrx_word' id='word_1_96' title='bbox 657 919 816 964; x_wconf 85' lang='lat' dir='ltr'><strong>deloco</strong></span> <span class='ocrx_word' id='word_1_97' title='bbox 836 933 912 960; x_wconf 91' lang='lat' dir='ltr'><strong>suo</strong></span> <span class='ocrx_word' id='word_1_98' title='bbox 931 917 1176 959; x_wconf 89' lang='lat' dir='ltr'><strong>movebitur.</strong></span> <span class='ocrx_word' id='word_1_99' title='bbox 1239 916 1295 966; x_wconf 93' lang='lat' dir='ltr'><strong>Q.</strong></span> <span class='ocrx_word' id='word_1_100' title='bbox 1317 932 1353 958; x_wconf 89' lang='lat' dir='ltr'><strong>e.</strong></span> <span class='ocrx_word' id='word_1_101' title='bbox 1374 916 1414 958; x_wconf 92' lang='lat' dir='ltr'><strong>d.</strong></span> 
     </span>
     <span class='ocr_line' id='line_1_12' title="bbox 196 989 1571 1055; baseline -0.006 -21"><span class='ocrx_word' id='word_1_102' title='bbox 196 993 287 1034; x_wconf 82' lang='lat' dir='ltr'><strong>Cas.</strong></span> <span class='ocrx_word' id='word_1_103' title='bbox 309 997 351 1035; x_wconf 79' lang='lat'><strong>2.</strong></span> <span class='ocrx_word' id='word_1_104' title='bbox 385 991 496 1033; x_wconf 90' lang='lat' dir='ltr'><strong>Dico</strong></span> <span class='ocrx_word' id='word_1_105' title='bbox 510 992 613 1045; x_wconf 85' lang='lat' dir='ltr'><strong>jam,</strong></span> <span class='ocrx_word' id='word_1_106' title='bbox 636 990 749 1047; x_wconf 72' lang='lat' dir='ltr'><strong>quod</strong></span> <span class='ocrx_word' id='word_1_107' title='bbox 768 990 887 1032; x_wconf 86' lang='lat' dir='ltr'><strong>fluidi</strong></span> <span class='ocrx_word' id='word_1_108' title='bbox 906 989 1030 1044; x_wconf 89' lang='lat' dir='ltr'><strong>hujus</strong></span> <span class='ocrx_word' id='word_1_109' title='bbox 1055 1002 1154 1043; x_wconf 87' lang='lat' dir='ltr'><strong>par-</strong></span> <span class='ocrx_word' id='word_1_110' title='bbox 1540 1019 1571 1055; x_wconf 55' lang='lat' dir='ltr'><strong>A</strong></span> 
     </span>
    </p>

    <p class='ocr_par' dir='ltr' id='par_1_4' title="bbox 135 1060 1176 1619">
     <span class='ocr_line' id='line_1_13' title="bbox 136 1060 1176 1118; baseline -0.006 -14"><span class='ocrx_word' id='word_1_111' title='bbox 136 1071 198 1106; x_wconf 89' lang='lat' dir='ltr'><strong>tes</strong></span> <span class='ocrx_word' id='word_1_112' title='bbox 230 1077 374 1104; x_wconf 90' lang='lat' dir='ltr'><strong>omnes</strong></span> <span class='ocrx_word' id='word_1_113' title='bbox 407 1062 622 1117; x_wconf 86' lang='lat' dir='ltr'><strong>sphaericae</strong></span> <span class='ocrx_word' id='word_1_114' title='bbox 656 1060 870 1118; x_wconf 83' lang='lat' dir='ltr'><strong>aequaliter</strong></span> <span class='ocrx_word' id='word_1_115' title='bbox 909 1066 1176 1115; x_wconf 89' lang='lat' dir='ltr'><strong>premuntur·</strong></span> 
     </span>
     <span class='ocr_line' id='line_1_14' title="bbox 135 1129 1161 1190; baseline -0.005 -15"><span class='ocrx_word' id='word_1_116' title='bbox 135 1133 334 1190; x_wconf 82' lang='lat' dir='ltr'><strong>undique.</strong></span> <span class='ocrx_word' id='word_1_117' title='bbox 411 1133 475 1176; x_wconf 90' lang='lat' dir='ltr'><strong>Sit</strong></span> <span class='ocrx_word' id='word_1_118' title='bbox 513 1133 625 1174; x_wconf 88' lang='lat' dir='ltr'><strong>enim</strong></span> <span class='ocrx_word' id='word_1_119' title='bbox 665 1132 704 1174; x_wconf 86' lang='lat' dir='ltr'>E</span> <span class='ocrx_word' id='word_1_120' title='bbox 741 1132 776 1173; x_wconf 91' lang='lat' dir='ltr'>F</span> <span class='ocrx_word' id='word_1_121' title='bbox 814 1146 910 1188; x_wconf 88' lang='lat' dir='ltr'><strong>pars</strong></span> <span class='ocrx_word' id='word_1_122' title='bbox 955 1129 1161 1186; x_wconf 88' lang='lat' dir='ltr'><strong>sphaerica</strong></span> 
     </span>
     <span class='ocr_line' id='line_1_15' title="bbox 135 1203 1157 1260; baseline -0.003 -14"><span class='ocrx_word' id='word_1_123' title='bbox 135 1204 266 1255; x_wconf 86' lang='lat' dir='ltr'><strong>fluidi,</strong></span> <span class='ocrx_word' id='word_1_124' title='bbox 317 1212 359 1246; x_wconf 90' lang='lat' dir='ltr'><strong>et</strong></span> <span class='ocrx_word' id='word_1_125' title='bbox 398 1204 435 1246; x_wconf 90' lang='lat' dir='ltr'><strong>si</strong></span> <span class='ocrx_word' id='word_1_126' title='bbox 471 1204 564 1246; x_wconf 87' lang='lat' dir='ltr'><strong>haec</strong></span> <span class='ocrx_word' id='word_1_127' title='bbox 604 1203 788 1260; x_wconf 92' lang='lat' dir='ltr'><strong>undique</strong></span> <span class='ocrx_word' id='word_1_128' title='bbox 827 1218 914 1245; x_wconf 93' lang='lat' dir='ltr'><strong>non</strong></span> <span class='ocrx_word' id='word_1_129' title='bbox 952 1203 1157 1258; x_wconf 89' lang='lat' dir='ltr'><strong>premitur</strong></span> 
     </span>
     <span class='ocr_line' id='line_1_16' title="bbox 136 1276 1155 1334; baseline -0.003 -16"><span class='ocrx_word' id='word_1_130' title='bbox 136 1276 363 1332; x_wconf 82' lang='lat' dir='ltr'><strong>aequaliter,</strong></span> <span class='ocrx_word' id='word_1_131' title='bbox 404 1285 604 1334; x_wconf 84' lang='lat' dir='ltr'><strong>augeatur</strong></span> <span class='ocrx_word' id='word_1_132' title='bbox 639 1276 800 1331; x_wconf 89' lang='lat' dir='ltr'><strong>pressio</strong></span> <span class='ocrx_word' id='word_1_133' title='bbox 831 1276 981 1325; x_wconf 87' lang='lat' dir='ltr'><strong>minor,</strong></span> <span class='ocrx_word' id='word_1_134' title='bbox 1023 1289 1155 1330; x_wconf 93' lang='lat' dir='ltr'><strong>usque</strong></span> 
     </span>
     <span class='ocr_line' id='line_1_17' title="bbox 137 1347 1161 1405; baseline -0.001 -16"><span class='ocrx_word' id='word_1_135' title='bbox 137 1348 239 1389; x_wconf 86' lang='lat' dir='ltr'><strong>dum</strong></span> <span class='ocrx_word' id='word_1_136' title='bbox 266 1348 358 1403; x_wconf 85' lang='lat' dir='ltr'><strong>ipsa</strong></span> <span class='ocrx_word' id='word_1_137' title='bbox 385 1348 571 1405; x_wconf 91' lang='lat' dir='ltr'><strong>undique</strong></span> <span class='ocrx_word' id='word_1_138' title='bbox 599 1356 815 1403; x_wconf 84' lang='lat' dir='ltr'><strong>prematur</strong></span> <span class='ocrx_word' id='word_1_139' title='bbox 844 1347 1082 1404; x_wconf 62' lang='lat' dir='ltr'><strong>aequalitem</strong></span> <span class='ocrx_word' id='word_1_140' title='bbox 1118 1355 1161 1388; x_wconf 90' lang='lat' dir='ltr'><strong>et</strong></span> 
     </span>
     <span class='ocr_line' id='line_1_18' title="bbox 136 1419 1160 1475; baseline -0.003 -14"><span class='ocrx_word' id='word_1_141' title='bbox 136 1427 275 1475; x_wconf 85' lang='lat' dir='ltr'><strong>partes</strong></span> <span class='ocrx_word' id='word_1_142' title='bbox 306 1420 407 1475; x_wconf 86' lang='lat' dir='ltr'><strong>ejus,</strong></span> <span class='ocrx_word' id='word_1_143' title='bbox 438 1434 516 1475; x_wconf 89' lang='lat' dir='ltr'><strong>per</strong></span> <span class='ocrx_word' id='word_1_144' title='bbox 538 1419 695 1460; x_wconf 89' lang='lat' dir='ltr'><strong>Casum</strong></span> <span class='ocrx_word' id='word_1_145' title='bbox 713 1419 908 1474; x_wconf 91' lang='lat' dir='ltr'><strong>primum,</strong></span> <span class='ocrx_word' id='word_1_146' title='bbox 941 1431 1160 1472; x_wconf 87' lang='lat' dir='ltr'><strong>permane-</strong></span> 
     </span>
     <span class='ocr_line' id='line_1_19' title="bbox 137 1490 1159 1543; baseline -0.004 -10"><span class='ocrx_word' id='word_1_147' title='bbox 137 1492 243 1534; x_wconf 91' lang='lat' dir='ltr'><strong>bunt</strong></span> <span class='ocrx_word' id='word_1_148' title='bbox 261 1491 306 1532; x_wconf 92' lang='lat' dir='ltr'><strong>in</strong></span> <span class='ocrx_word' id='word_1_149' title='bbox 324 1491 428 1533; x_wconf 89' lang='lat' dir='ltr'><strong>locis</strong></span> <span class='ocrx_word' id='word_1_150' title='bbox 454 1491 566 1532; x_wconf 85' lang='lat' dir='ltr'><strong>suis.·</strong></span> <span class='ocrx_word' id='word_1_151' title='bbox 612 1490 698 1532; x_wconf 88' lang='lat' dir='ltr'><strong>Sed</strong></span> <span class='ocrx_word' id='word_1_152' title='bbox 726 1498 823 1531; x_wconf 88' lang='lat' dir='ltr'><strong>ante</strong></span> <span class='ocrx_word' id='word_1_153' title='bbox 852 1498 1016 1531; x_wconf 83' lang='lat' dir='ltr'><strong>auctam</strong></span> <span class='ocrx_word' id='word_1_154' title='bbox 1041 1503 1159 1543; x_wconf 86' lang='lat' dir='ltr'><strong>pres-</strong></span> 
     </span>
     <span class='ocr_line' id='line_1_20' title="bbox 139 1561 1155 1619; baseline -0.004 -14"><span class='ocrx_word' id='word_1_155' title='bbox 139 1563 297 1605; x_wconf 89' lang='lat' dir='ltr'><strong>sionem</strong></span> <span class='ocrx_word' id='word_1_156' title='bbox 308 1563 608 1619; x_wconf 85' lang='lat' dir='ltr'><strong>permanebant</strong></span> <span class='ocrx_word' id='word_1_157' title='bbox 619 1562 663 1603; x_wconf 93' lang='lat' dir='ltr'><strong>in</strong></span> <span class='ocrx_word' id='word_1_158' title='bbox 677 1561 780 1603; x_wconf 90' lang='lat' dir='ltr'><strong>locis</strong></span> <span class='ocrx_word' id='word_1_159' title='bbox 795 1562 892 1612; x_wconf 84' lang='lat' dir='ltr'><strong>suis,</strong></span> <span class='ocrx_word' id='word_1_160' title='bbox 907 1575 983 1616; x_wconf 81' lang='lat' dir='ltr'><strong>per</strong></span> <span class='ocrx_word' id='word_1_161' title='bbox 1000 1561 1155 1602; x_wconf 85' lang='lat' dir='ltr'><strong>Casum</strong></span> 
     </span>
    </p>
   </div>
   <div class='ocr_carea' id='block_1_4' title="bbox 1219 1069 1857 1686">
    <p class='ocr_par' dir='ltr' id='par_1_5' title="bbox 1219 1069 1857 1686">
     <span class='ocr_line' id='line_1_21' title="bbox 1219 1069 1857 1686; baseline 0 1862"><span class='ocrx_word' id='word_1_162' title='bbox 1219 1069 1857 1686; x_wconf 95' lang='lat' dir='ltr'><strong> </strong></span> 
     </span>
    </p>
   </div>
   <div class='ocr_carea' id='block_1_5' title="bbox 138 1633 1881 2913">
    <p class='ocr_par' dir='ltr' id='par_1_6' title="bbox 138 1633 1868 1907">
     <span class='ocr_line' id='line_1_22' title="bbox 139 1633 1156 1691; baseline -0.004 -14"><span class='ocrx_word' id='word_1_163' title='bbox 139 1635 337 1691; x_wconf 47' lang='lat' dir='ltr'><strong>eundem,</strong></span> <span class='ocrx_word' id='word_1_164' title='bbox 355 1635 549 1691; x_wconf 89' lang='lat' dir='ltr'><strong>primum,</strong></span> <span class='ocrx_word' id='word_1_165' title='bbox 599 1642 641 1676; x_wconf 92' lang='lat' dir='ltr'><strong>et</strong></span> <span class='ocrx_word' id='word_1_166' title='bbox 680 1633 891 1675; x_wconf 88' lang='lat' dir='ltr'><strong>additione</strong></span> <span class='ocrx_word' id='word_1_167' title='bbox 929 1633 1156 1688; x_wconf 90' lang='lat' dir='ltr'><strong>pressionis</strong></span> 
     </span>
     <span class='ocr_line' id='line_1_23' title="bbox 138 1702 1152 1758; baseline -0.005 -10"><span class='ocrx_word' id='word_1_168' title='bbox 138 1722 259 1748; x_wconf 78' lang='lat' dir='ltr'><strong>novae</strong></span> <span class='ocrx_word' id='word_1_169' title='bbox 284 1706 562 1748; x_wconf 90' lang='lat' dir='ltr'><strong>movebuntur</strong></span> <span class='ocrx_word' id='word_1_170' title='bbox 581 1705 635 1746; x_wconf 90' lang='lat' dir='ltr'><strong>de</strong></span> <span class='ocrx_word' id='word_1_171' title='bbox 653 1705 755 1745; x_wconf 93' lang='lat' dir='ltr'><strong>locis</strong></span> <span class='ocrx_word' id='word_1_172' title='bbox 777 1703 871 1754; x_wconf 87' lang='lat' dir='ltr'><strong>suis,</strong></span> <span class='ocrx_word' id='word_1_173' title='bbox 894 1717 970 1758; x_wconf 87' lang='lat' dir='ltr'><strong>per</strong></span> <span class='ocrx_word' id='word_1_174' title='bbox 990 1702 1152 1744; x_wconf 75' lang='lat' dir='ltr'><strong>Defini·</strong></span> 
     </span>
     <span class='ocr_line' id='line_1_24' title="bbox 139 1769 1868 1831; baseline -0.004 -10"><span class='ocrx_word' id='word_1_175' title='bbox 139 1779 294 1822; x_wconf 88' lang='lat' dir='ltr'><strong>tionem</strong></span> <span class='ocrx_word' id='word_1_176' title='bbox 317 1776 468 1818; x_wconf 89' lang='lat' dir='ltr'><strong>Fluidi.</strong></span> <span class='ocrx_word' id='word_1_177' title='bbox 530 1775 639 1831; x_wconf 88' lang='lat' dir='ltr'><strong>Quae</strong></span> <span class='ocrx_word' id='word_1_178' title='bbox 660 1775 745 1816; x_wconf 92' lang='lat' dir='ltr'><strong>duo</strong></span> <span class='ocrx_word' id='word_1_179' title='bbox 765 1781 1013 1831; x_wconf 83' lang='lat' dir='ltr'><strong>repugnant.</strong></span> <span class='ocrx_word' id='word_1_180' title='bbox 1075 1773 1193 1830; x_wconf 88' lang='lat' dir='ltr'><strong>Ergo</strong></span> <span class='ocrx_word' id='word_1_181' title='bbox 1213 1769 1317 1813; x_wconf 66' lang='lat' dir='ltr'><strong>false)</strong></span> <span class='ocrx_word' id='word_1_182' title='bbox 1337 1770 1554 1814; x_wconf 87' lang='lat' dir='ltr'><strong>dicebatur</strong></span> <span class='ocrx_word' id='word_1_183' title='bbox 1569 1772 1684 1829; x_wconf 74' lang='lat' dir='ltr'><strong>quod</strong></span> <span class='ocrx_word' id='word_1_184' title='bbox 1701 1774 1868 1830; x_wconf 80' lang='lat' dir='ltr'><strong>sphaera</strong></span> 
     </span>
     <span class='ocr_line' id='line_1_25' title="bbox 141 1846 1317 1907; baseline -0.005 -14"><span class='ocrx_word' id='word_1_185' title='bbox 141 1852 180 1894; x_wconf 93' lang='lat' dir='ltr'>E</span> <span class='ocrx_word' id='word_1_186' title='bbox 202 1852 242 1893; x_wconf 85' lang='lat' dir='ltr'><strong>F</strong></span> <span class='ocrx_word' id='word_1_187' title='bbox 258 1866 343 1892; x_wconf 91' lang='lat' dir='ltr'><strong>non</strong></span> <span class='ocrx_word' id='word_1_188' title='bbox 362 1846 548 1907; x_wconf 87' lang='lat' dir='ltr'><strong>undique</strong></span> <span class='ocrx_word' id='word_1_189' title='bbox 567 1849 833 1905; x_wconf 85' lang='lat' dir='ltr'><strong>premebatur</strong></span> <span class='ocrx_word' id='word_1_190' title='bbox 853 1847 1081 1904; x_wconf 85' lang='lat' dir='ltr'><strong>aequaliter.</strong></span> <span class='ocrx_word' id='word_1_191' title='bbox 1145 1847 1201 1897; x_wconf 87' lang='lat' dir='ltr'><strong>Q.</strong></span> <span class='ocrx_word' id='word_1_192' title='bbox 1218 1862 1254 1888; x_wconf 93' lang='lat' dir='ltr'><strong>e.</strong></span> <span class='ocrx_word' id='word_1_193' title='bbox 1276 1846 1317 1887; x_wconf 80' lang='lat' dir='ltr'><strong>d:</strong></span> 
     </span>
    </p>

    <p class='ocr_par' dir='ltr' id='par_1_7' title="bbox 142 1908 1872 2330">
     <span class='ocr_line' id='line_1_26' title="bbox 201 1908 1869 1976; baseline -0.004 -11"><span class='ocrx_word' id='word_1_194' title='bbox 201 1924 291 1965; x_wconf 82' lang='lat' dir='ltr'><strong>Cas.</strong></span> <span class='ocrx_word' id='word_1_195' title='bbox 316 1929 354 1964; x_wconf 84' lang='grc'><strong>3.</strong></span> <span class='ocrx_word' id='word_1_196' title='bbox 414 1921 526 1964; x_wconf 89' lang='lat' dir='ltr'><strong>Dico</strong></span> <span class='ocrx_word' id='word_1_197' title='bbox 543 1928 747 1976; x_wconf 87' lang='lat' dir='ltr'><strong>praeterea</strong></span> <span class='ocrx_word' id='word_1_198' title='bbox 766 1919 880 1976; x_wconf 76' lang='lat' dir='ltr'><strong>quod</strong></span> <span class='ocrx_word' id='word_1_199' title='bbox 899 1919 1157 1961; x_wconf 87' lang='lat' dir='ltr'><strong>diversarum</strong></span> <span class='ocrx_word' id='word_1_200' title='bbox 1177 1918 1359 1975; x_wconf 84' lang='lat' dir='ltr'><strong>partium</strong></span> <span class='ocrx_word' id='word_1_201' title='bbox 1381 1917 1679 1973; x_wconf 86' lang='lat' dir='ltr'><strong>sphaericarum</strong></span> <span class='ocrx_word' id='word_1_202' title='bbox 1695 1908 1869 1975; x_wconf 85' lang='lat' dir='ltr'><strong>aequalis</strong></span> 
     </span>
     <span class='ocr_line' id='line_1_27' title="bbox 143 1990 1870 2049; baseline -0.002 -14"><span class='ocrx_word' id='word_1_203' title='bbox 143 1994 196 2037; x_wconf 88' lang='lat' dir='ltr'><strong>sit</strong></span> <span class='ocrx_word' id='word_1_204' title='bbox 213 1993 386 2049; x_wconf 89' lang='lat' dir='ltr'><strong>pressio.</strong></span> <span class='ocrx_word' id='word_1_205' title='bbox 446 1992 558 2034; x_wconf 87' lang='lat' dir='ltr'><strong>Nam</strong></span> <span class='ocrx_word' id='word_1_206' title='bbox 577 1999 713 2047; x_wconf 87' lang='lat' dir='ltr'><strong>partes</strong></span> <span class='ocrx_word' id='word_1_207' title='bbox 734 1991 949 2046; x_wconf 87' lang='lat' dir='ltr'><strong>sphaericae</strong></span> <span class='ocrx_word' id='word_1_208' title='bbox 970 1991 1178 2048; x_wconf 86' lang='lat' dir='ltr'><strong>contiguae</strong></span> <span class='ocrx_word' id='word_1_209' title='bbox 1200 2005 1243 2031; x_wconf 87' lang='lat' dir='ltr'><strong>se</strong></span> <span class='ocrx_word' id='word_1_210' title='bbox 1263 1996 1410 2031; x_wconf 89' lang='lat' dir='ltr'><strong>mutuo</strong></span> <span class='ocrx_word' id='word_1_211' title='bbox 1430 1998 1629 2044; x_wconf 87' lang='lat' dir='ltr'><strong>premunt</strong></span> <span class='ocrx_word' id='word_1_212' title='bbox 1651 1990 1870 2046; x_wconf 85' lang='lat' dir='ltr'><strong>aequaliter</strong></span> 
     </span>
     <span class='ocr_line' id='line_1_28' title="bbox 142 2062 1868 2125; baseline -0.002 -17"><span class='ocrx_word' id='word_1_213' title='bbox 142 2067 187 2109; x_wconf 92' lang='lat' dir='ltr'><strong>in</strong></span> <span class='ocrx_word' id='word_1_214' title='bbox 196 2074 355 2125; x_wconf 86' lang='lat' dir='ltr'><strong>puncto</strong></span> <span class='ocrx_word' id='word_1_215' title='bbox 367 2073 594 2116; x_wconf 83' lang='lat' dir='ltr'><strong>contactus,</strong></span> <span class='ocrx_word' id='word_1_216' title='bbox 603 2080 679 2120; x_wconf 91' lang='lat' dir='ltr'><strong>per</strong></span> <span class='ocrx_word' id='word_1_217' title='bbox 691 2064 826 2106; x_wconf 70' lang='lat' dir='ltr'><strong>motus</strong></span> <span class='ocrx_word' id='word_1_218' title='bbox 836 2065 994 2121; x_wconf 88' lang='lat' dir='ltr'><strong>Legem</strong></span> <span class='ocrx_word' id='word_1_219' title='bbox 1001 2064 1178 2105; x_wconf 85' lang='lat' dir='ltr'><strong>tertiam.</strong></span> <span class='ocrx_word' id='word_1_220' title='bbox 1213 2062 1298 2105; x_wconf 82' lang='lat' dir='ltr'><strong>Sed</strong></span> <span class='ocrx_word' id='word_1_221' title='bbox 1310 2070 1449 2117; x_wconf 90' lang='lat' dir='ltr'><strong>et,per</strong></span> <span class='ocrx_word' id='word_1_222' title='bbox 1458 2062 1614 2103; x_wconf 88' lang='lat' dir='ltr'><strong>Casum</strong></span> <span class='ocrx_word' id='word_1_223' title='bbox 1624 2063 1868 2112; x_wconf 87' lang='lat' dir='ltr'><strong>secundum,</strong></span> 
     </span>
     <span class='ocr_line' id='line_1_29' title="bbox 145 2133 1871 2197; baseline -0.005 -15"><span class='ocrx_word' id='word_1_224' title='bbox 145 2140 329 2197; x_wconf 91' lang='lat' dir='ltr'><strong>undique</strong></span> <span class='ocrx_word' id='word_1_225' title='bbox 357 2146 606 2195; x_wconf 89' lang='lat' dir='ltr'><strong>premuntur</strong></span> <span class='ocrx_word' id='word_1_226' title='bbox 639 2138 786 2179; x_wconf 60' lang='lat' dir='ltr'><strong>eadem</strong></span> <span class='ocrx_word' id='word_1_227' title='bbox 814 2137 869 2179; x_wconf 87' lang='lat' dir='ltr'><strong>vi.</strong></span> <span class='ocrx_word' id='word_1_228' title='bbox 930 2137 1076 2178; x_wconf 90' lang='lat' dir='ltr'><strong>Partes</strong></span> <span class='ocrx_word' id='word_1_229' title='bbox 1097 2137 1224 2193; x_wconf 89' lang='lat' dir='ltr'><strong>igitur</strong></span> <span class='ocrx_word' id='word_1_230' title='bbox 1244 2135 1340 2175; x_wconf 92' lang='lat' dir='ltr'><strong>duae</strong></span> <span class='ocrx_word' id='word_1_231' title='bbox 1361 2133 1516 2189; x_wconf 88' lang='lat' dir='ltr'><strong>quaevis</strong></span> <span class='ocrx_word' id='word_1_232' title='bbox 1538 2133 1757 2188; x_wconf 83' lang='lat' dir='ltr'><strong>sphaericae</strong></span> <span class='ocrx_word' id='word_1_233' title='bbox 1786 2149 1871 2175; x_wconf 90' lang='lat' dir='ltr'><strong>non</strong></span> 
     </span>
     <span class='ocr_line' id='line_1_30' title="bbox 146 2207 1872 2269; baseline -0.005 -15"><span class='ocrx_word' id='word_1_234' title='bbox 146 2213 365 2269; x_wconf 82' lang='lat' dir='ltr'><strong>contiguae&#39;,</strong></span> <span class='ocrx_word' id='word_1_235' title='bbox 390 2211 440 2267; x_wconf 76' lang='lat'><strong>(⁸)</strong></span> <span class='ocrx_word' id='word_1_236' title='bbox 457 2211 554 2267; x_wconf 91' lang='lat' dir='ltr'><strong>quia</strong></span> <span class='ocrx_word' id='word_1_237' title='bbox 571 2224 669 2265; x_wconf 90' lang='lat' dir='ltr'><strong>pars</strong></span> <span class='ocrx_word' id='word_1_238' title='bbox 690 2208 893 2264; x_wconf 88' lang='lat' dir='ltr'><strong>sphaerica</strong></span> <span class='ocrx_word' id='word_1_239' title='bbox 907 2207 1151 2249; x_wconf 86' lang='lat' dir='ltr'><strong>intermedia</strong></span> <span class='ocrx_word' id='word_1_240' title='bbox 1171 2214 1342 2262; x_wconf 88' lang='lat' dir='ltr'><strong>tangere</strong></span> <span class='ocrx_word' id='word_1_241' title='bbox 1361 2211 1500 2259; x_wconf 84' lang='lat' dir='ltr'><strong>potest</strong></span> <span class='ocrx_word' id='word_1_242' title='bbox 1521 2212 1754 2260; x_wconf 83' lang='lat' dir='ltr'><strong>utramque,</strong></span> <span class='ocrx_word' id='word_1_243' title='bbox 1776 2217 1872 2259; x_wconf 88' lang='lat' dir='ltr'><strong>pre-</strong></span> 
     </span>
     <span class='ocr_line' id='line_1_31' title="bbox 146 2274 792 2330; baseline -0.008 -4"><span class='ocrx_word' id='word_1_244' title='bbox 146 2291 314 2326; x_wconf 88' lang='lat' dir='ltr'><strong>mentur</strong></span> <span class='ocrx_word' id='word_1_245' title='bbox 335 2281 480 2324; x_wconf 67' lang='lat' dir='ltr'><strong>eadem</strong></span> <span class='ocrx_word' id='word_1_246' title='bbox 500 2282 554 2323; x_wconf 89' lang='lat' dir='ltr'><strong>vi.</strong></span> <span class='ocrx_word' id='word_1_247' title='bbox 616 2274 672 2330; x_wconf 90' lang='lat' dir='ltr'><strong>Q.</strong></span> <span class='ocrx_word' id='word_1_248' title='bbox 693 2295 729 2322; x_wconf 87' lang='lat' dir='ltr'><strong>e.</strong></span> <span class='ocrx_word' id='word_1_249' title='bbox 751 2279 792 2321; x_wconf 93' lang='lat' dir='ltr'><strong>d.</strong></span> 
     </span>
    </p>

    <p class='ocr_par' dir='ltr' id='par_1_8' title="bbox 148 2347 1875 2692">
     <span class='ocr_line' id='line_1_32' title="bbox 207 2347 1874 2409; baseline -0.007 -12"><span class='ocrx_word' id='word_1_250' title='bbox 207 2356 298 2398; x_wconf 82' lang='lat' dir='ltr'><strong>Cas.</strong></span> <span class='ocrx_word' id='word_1_251' title='bbox 320 2360 360 2396; x_wconf 82' lang='lat'><strong>4.</strong></span> <span class='ocrx_word' id='word_1_252' title='bbox 421 2354 533 2396; x_wconf 89' lang='lat' dir='ltr'><strong>Dico</strong></span> <span class='ocrx_word' id='word_1_253' title='bbox 547 2354 636 2409; x_wconf 88' lang='lat' dir='ltr'><strong>jam</strong></span> <span class='ocrx_word' id='word_1_254' title='bbox 656 2351 769 2408; x_wconf 78' lang='lat' dir='ltr'><strong>quod</strong></span> <span class='ocrx_word' id='word_1_255' title='bbox 788 2351 906 2393; x_wconf 89' lang='lat' dir='ltr'><strong>fluidi</strong></span> <span class='ocrx_word' id='word_1_256' title='bbox 926 2358 1066 2406; x_wconf 84' lang='lat' dir='ltr'><strong>partes</strong></span> <span class='ocrx_word' id='word_1_257' title='bbox 1086 2363 1231 2391; x_wconf 89' lang='lat' dir='ltr'><strong>omnes</strong></span> <span class='ocrx_word' id='word_1_258' title='bbox 1251 2348 1407 2404; x_wconf 92' lang='lat' dir='ltr'><strong>ubique</strong></span> <span class='ocrx_word' id='word_1_259' title='bbox 1424 2354 1675 2403; x_wconf 86' lang='lat' dir='ltr'><strong>premuntur</strong></span> <span class='ocrx_word' id='word_1_260' title='bbox 1703 2347 1874 2403; x_wconf 84' lang='lat' dir='ltr'><strong>aequali-</strong></span> 
     </span>
     <span class='ocr_line' id='line_1_33' title="bbox 148 2420 1874 2482; baseline -0.005 -12"><span class='ocrx_word' id='word_1_261' title='bbox 148 2440 223 2470; x_wconf 85' lang='lat' dir='ltr'><strong>ter.</strong></span> <span class='ocrx_word' id='word_1_262' title='bbox 267 2427 378 2469; x_wconf 83' lang='lat' dir='ltr'><strong>Nam</strong></span> <span class='ocrx_word' id='word_1_263' title='bbox 391 2434 529 2482; x_wconf 89' lang='lat' dir='ltr'><strong>partes</strong></span> <span class='ocrx_word' id='word_1_264' title='bbox 549 2425 645 2467; x_wconf 87' lang='lat' dir='ltr'><strong>duae</strong></span> <span class='ocrx_word' id='word_1_265' title='bbox 665 2425 819 2481; x_wconf 84' lang='lat' dir='ltr'><strong>quaevis</strong></span> <span class='ocrx_word' id='word_1_266' title='bbox 840 2424 956 2481; x_wconf 88' lang='lat' dir='ltr'><strong>tangi</strong></span> <span class='ocrx_word' id='word_1_267' title='bbox 975 2431 1152 2478; x_wconf 88' lang='lat' dir='ltr'><strong>possunt</strong></span> <span class='ocrx_word' id='word_1_268' title='bbox 1170 2438 1195 2464; x_wconf 86' lang='lat' dir='ltr'><strong>a</strong></span> <span class='ocrx_word' id='word_1_269' title='bbox 1213 2421 1402 2477; x_wconf 87' lang='lat' dir='ltr'><strong>partibus</strong></span> <span class='ocrx_word' id='word_1_270' title='bbox 1419 2420 1635 2476; x_wconf 88' lang='lat' dir='ltr'><strong>sphaericis</strong></span> <span class='ocrx_word' id='word_1_271' title='bbox 1650 2421 1692 2461; x_wconf 90' lang='lat' dir='ltr'><strong>in</strong></span> <span class='ocrx_word' id='word_1_272' title='bbox 1709 2421 1874 2475; x_wconf 84' lang='lat' dir='ltr'><strong>punctis</strong></span> 
     </span>
     <span class='ocr_line' id='line_1_34' title="bbox 150 2494 1874 2556; baseline -0.003 -15"><span class='ocrx_word' id='word_1_273' title='bbox 150 2500 476 2556; x_wconf 87' lang='lat' dir='ltr'><strong>quibuscunque,</strong></span> <span class='ocrx_word' id='word_1_274' title='bbox 499 2507 540 2540; x_wconf 89' lang='lat' dir='ltr'><strong>et</strong></span> <span class='ocrx_word' id='word_1_275' title='bbox 558 2499 617 2541; x_wconf 91' lang='lat' dir='ltr'><strong>ibi</strong></span> <span class='ocrx_word' id='word_1_276' title='bbox 635 2505 774 2554; x_wconf 88' lang='lat' dir='ltr'><strong>partes</strong></span> <span class='ocrx_word' id='word_1_277' title='bbox 793 2497 884 2539; x_wconf 87' lang='lat' dir='ltr'><strong>illas</strong></span> <span class='ocrx_word' id='word_1_278' title='bbox 907 2497 1129 2552; x_wconf 83' lang='lat' dir='ltr'><strong>sphaericas</strong></span> <span class='ocrx_word' id='word_1_279' title='bbox 1150 2495 1365 2552; x_wconf 79' lang='lat' dir='ltr'><strong>aequaliter</strong></span> <span class='ocrx_word' id='word_1_280' title='bbox 1383 2502 1597 2550; x_wconf 88' lang='lat' dir='ltr'><strong>premunt,</strong></span> <span class='ocrx_word' id='word_1_281' title='bbox 1619 2509 1696 2549; x_wconf 90' lang='lat' dir='ltr'><strong>per</strong></span> <span class='ocrx_word' id='word_1_282' title='bbox 1718 2494 1874 2536; x_wconf 88' lang='lat' dir='ltr'><strong>Casum</strong></span> 
     </span>
     <span class='ocr_line' id='line_1_35' title="bbox 151 2565 1875 2626; baseline -0.003 -14"><span class='ocrx_word' id='word_1_283' title='bbox 151 2571 318 2612; x_wconf 89' lang='lat' dir='ltr'><strong>tertium</strong></span> <span class='ocrx_word' id='word_1_284' title='bbox 338 2579 378 2613; x_wconf 89' lang='lat' dir='ltr'><strong>et</strong></span> <span class='ocrx_word' id='word_1_285' title='bbox 390 2570 569 2612; x_wconf 88' lang='lat' dir='ltr'><strong>vicissim</strong></span> <span class='ocrx_word' id='word_1_286' title='bbox 584 2570 637 2612; x_wconf 88' lang='lat' dir='ltr'><strong>ab</strong></span> <span class='ocrx_word' id='word_1_287' title='bbox 652 2570 732 2611; x_wconf 83' lang='lat' dir='ltr'><strong>illis</strong></span> <span class='ocrx_word' id='word_1_288' title='bbox 753 2569 967 2626; x_wconf 86' lang='lat' dir='ltr'><strong>aequaliter</strong></span> <span class='ocrx_word' id='word_1_289' title='bbox 978 2575 1237 2624; x_wconf 89' lang='lat' dir='ltr'><strong>premuntur,</strong></span> <span class='ocrx_word' id='word_1_290' title='bbox 1259 2581 1336 2622; x_wconf 93' lang='lat' dir='ltr'><strong>per</strong></span> <span class='ocrx_word' id='word_1_291' title='bbox 1355 2565 1494 2608; x_wconf 72' lang='lat' dir='ltr'><strong>motus</strong></span> <span class='ocrx_word' id='word_1_292' title='bbox 1518 2566 1674 2622; x_wconf 87' lang='lat' dir='ltr'><strong>Legem</strong></span> <span class='ocrx_word' id='word_1_293' title='bbox 1697 2566 1875 2607; x_wconf 82' lang='lat' dir='ltr'><strong>tertiam.</strong></span> 
     </span>
     <span class='ocr_line' id='line_1_36' title="bbox 155 2641 327 2692; baseline 0 -8"><span class='ocrx_word' id='word_1_294' title='bbox 155 2642 211 2692; x_wconf 92' lang='lat' dir='ltr'><strong>Q.</strong></span> <span class='ocrx_word' id='word_1_295' title='bbox 228 2658 264 2684; x_wconf 93' lang='lat' dir='ltr'><strong>e.</strong></span> <span class='ocrx_word' id='word_1_296' title='bbox 284 2641 327 2684; x_wconf 92' lang='lat' dir='ltr'><strong>d.</strong></span> 
     </span>
    </p>

    <p class='ocr_par' dir='ltr' id='par_1_9' title="bbox 158 2705 1880 2842">
     <span class='ocr_line' id='line_1_37' title="bbox 215 2705 1879 2770; baseline -0.006 -14"><span class='ocrx_word' id='word_1_297' title='bbox 215 2715 306 2756; x_wconf 83' lang='lat' dir='ltr'><strong>Cas.</strong></span> <span class='ocrx_word' id='word_1_298' title='bbox 329 2719 368 2756; x_wconf 86' lang='lat'><strong>5.</strong></span> <span class='ocrx_word' id='word_1_299' title='bbox 429 2712 539 2755; x_wconf 75' lang='lat' dir='ltr'><strong>Cum</strong></span> <span class='ocrx_word' id='word_1_300' title='bbox 568 2713 695 2770; x_wconf 88' lang='lat' dir='ltr'><strong>igitur</strong></span> <span class='ocrx_word' id='word_1_301' title='bbox 722 2711 840 2753; x_wconf 85' lang='lat' dir='ltr'><strong>fluidi</strong></span> <span class='ocrx_word' id='word_1_302' title='bbox 869 2725 965 2766; x_wconf 87' lang='lat' dir='ltr'><strong>pars</strong></span> <span class='ocrx_word' id='word_1_303' title='bbox 986 2710 1180 2766; x_wconf 84' lang='lat' dir='ltr'><strong>quaelibet</strong></span> <span class='ocrx_word' id='word_1_304' title='bbox 1202 2708 1245 2750; x_wconf 89' lang='lat' dir='ltr'>G</span> <span class='ocrx_word' id='word_1_305' title='bbox 1268 2708 1317 2751; x_wconf 94' lang='lat' dir='ltr'>H</span> <span class='ocrx_word' id='word_1_306' title='bbox 1338 2709 1359 2750; x_wconf 93' lang='lat'>1</span> <span class='ocrx_word' id='word_1_307' title='bbox 1382 2708 1426 2748; x_wconf 90' lang='lat' dir='ltr'><strong>in</strong></span> <span class='ocrx_word' id='word_1_308' title='bbox 1446 2706 1576 2749; x_wconf 89' lang='lat' dir='ltr'><strong>fluido</strong></span> <span class='ocrx_word' id='word_1_309' title='bbox 1596 2705 1756 2762; x_wconf 89' lang='lat' dir='ltr'><strong>reliquo</strong></span> <span class='ocrx_word' id='word_1_310' title='bbox 1786 2713 1879 2748; x_wconf 87' lang='lat' dir='ltr'><strong>tan-</strong></span> 
     </span>
     <span class='ocr_line' id='line_1_38' title="bbox 158 2777 1880 2842; baseline -0.005 -15"><span class='ocrx_word' id='word_1_311' title='bbox 158 2800 283 2842; x_wconf 88' lang='lat' dir='ltr'><strong>quam</strong></span> <span class='ocrx_word' id='word_1_312' title='bbox 297 2784 340 2825; x_wconf 93' lang='lat' dir='ltr'><strong>in</strong></span> <span class='ocrx_word' id='word_1_313' title='bbox 359 2799 455 2826; x_wconf 87' lang='lat' dir='ltr'><strong>vase</strong></span> <span class='ocrx_word' id='word_1_314' title='bbox 475 2783 703 2834; x_wconf 85' lang='lat' dir='ltr'><strong>claudatur,</strong></span> <span class='ocrx_word' id='word_1_315' title='bbox 727 2791 767 2824; x_wconf 88' lang='lat' dir='ltr'><strong>et</strong></span> <span class='ocrx_word' id='word_1_316' title='bbox 786 2781 968 2838; x_wconf 90' lang='lat' dir='ltr'><strong>undique</strong></span> <span class='ocrx_word' id='word_1_317' title='bbox 987 2789 1200 2837; x_wconf 90' lang='lat' dir='ltr'><strong>prematur</strong></span> <span class='ocrx_word' id='word_1_318' title='bbox 1220 2779 1446 2835; x_wconf 82' lang='lat' dir='ltr'><strong>aequaliter,</strong></span> <span class='ocrx_word' id='word_1_319' title='bbox 1469 2784 1612 2832; x_wconf 89' lang='lat' dir='ltr'><strong>partes</strong></span> <span class='ocrx_word' id='word_1_320' title='bbox 1633 2784 1771 2819; x_wconf 86' lang='lat' dir='ltr'><strong>autem</strong></span> <span class='ocrx_word' id='word_1_321' title='bbox 1792 2777 1880 2832; x_wconf 88' lang='lat' dir='ltr'><strong>ejus</strong></span> 
     </span>
    </p>

    <p class='ocr_par' dir='ltr' id='par_1_10' title="bbox 164 2847 1881 2913">
     <span class='ocr_line' id='line_1_39' title="bbox 164 2847 1881 2913; baseline -0.005 -14"><span class='ocrx_word' id='word_1_322' title='bbox 164 2873 208 2900; x_wconf 93' lang='lat' dir='ltr'><strong>se</strong></span> <span class='ocrx_word' id='word_1_323' title='bbox 227 2856 374 2898; x_wconf 66' lang='lat' dir='ltr'><strong>mutue)</strong></span> <span class='ocrx_word' id='word_1_324' title='bbox 393 2856 604 2913; x_wconf 82' lang='lat' dir='ltr'><strong>aequaliter</strong></span> <span class='ocrx_word' id='word_1_325' title='bbox 621 2862 815 2911; x_wconf 89' lang='lat' dir='ltr'><strong>premant</strong></span> <span class='ocrx_word' id='word_1_326' title='bbox 844 2862 885 2895; x_wconf 92' lang='lat' dir='ltr'><strong>et</strong></span> <span class='ocrx_word' id='word_1_327' title='bbox 913 2854 1126 2910; x_wconf 77' lang='lat' dir='ltr'><strong>quiescant</strong></span> <span class='ocrx_word' id='word_1_328' title='bbox 1153 2853 1261 2894; x_wconf 90' lang='lat' dir='ltr'><strong>inter</strong></span> <span class='ocrx_word' id='word_1_329' title='bbox 1281 2866 1324 2892; x_wconf 91' lang='lat' dir='ltr'><strong>se</strong></span> <span class='ocrx_word' id='word_1_330' title='bbox 1336 2867 1347 2900; x_wconf 89' lang='lat'>3</span> <span class='ocrx_word' id='word_1_331' title='bbox 1377 2848 1639 2890; x_wconf 86' lang='lat' dir='ltr'><strong>manifestum</strong></span> <span class='ocrx_word' id='word_1_332' title='bbox 1676 2857 1737 2890; x_wconf 92' lang='lat' dir='ltr'><strong>est</strong></span> <span class='ocrx_word' id='word_1_333' title='bbox 1766 2847 1881 2905; x_wconf 72' lang='lat' dir='ltr'><strong>quod</strong></span> 
     </span>
    </p>
   </div>
   <div class='ocr_carea' id='block_1_6' title="bbox 172 2970 1880 3075">
    <p class='ocr_par' dir='ltr' id='par_1_11' title="bbox 172 2970 1880 3075">
     <span class='ocr_line' id='line_1_40' title="bbox 206 2970 1880 3035; baseline -0.006 -13"><span class='ocrx_word' id='word_1_334' title='bbox 206 2990 253 3035; x_wconf 83' lang='lat'><strong>(⁸)</strong></span> <span class='ocrx_word' id='word_1_335' title='bbox 272 2992 290 3010; x_wconf 76' lang='lat'>⁸</span> <span class='ocrx_word' id='word_1_336' title='bbox 306 2990 471 3031; x_wconf 74' lang='lat' dir='ltr'><strong>Quiapars</strong></span> <span class='ocrx_word' id='word_1_337' title='bbox 482 2991 625 3031; x_wconf 61' lang='lat' dir='ltr'><strong>sphqrn‘ca</strong></span> <span class='ocrx_word' id='word_1_338' title='bbox 632 2989 811 3032; x_wconf 59' lang='lat' dir='ltr'><strong>intermedia</strong></span> <span class='ocrx_word' id='word_1_339' title='bbox 823 2993 945 3027; x_wconf 66' lang='lat' dir='ltr'><strong>tangere</strong></span> <span class='ocrx_word' id='word_1_340' title='bbox 953 2997 1007 3027; x_wconf 79' lang='lat' dir='ltr'><strong>po-</strong></span> <span class='ocrx_word' id='word_1_341' title='bbox 1049 2970 1124 3017; x_wconf 67' lang='lat' dir='ltr'><strong>alias</strong></span> <span class='ocrx_word' id='word_1_342' title='bbox 1132 2984 1402 3026; x_wconf 64' lang='lat' dir='ltr'><strong>partensphaericas</strong></span> <span class='ocrx_word' id='word_1_343' title='bbox 1409 2983 1442 3013; x_wconf 90' lang='lat' dir='ltr'><strong>in</strong></span> <span class='ocrx_word' id='word_1_344' title='bbox 1452 2982 1576 3023; x_wconf 73' lang='lat' dir='ltr'><strong>punctis</strong></span> <span class='ocrx_word' id='word_1_345' title='bbox 1584 2982 1744 3014; x_wconf 64' lang='lat' dir='ltr'><strong>contaetus</strong></span> <span class='ocrx_word' id='word_1_346' title='bbox 1750 2990 1880 3024; x_wconf 39' lang='lat' dir='ltr'><strong>preme&amp;</strong></span> 
     </span>
     <span class='ocr_line' id='line_1_41' title="bbox 172 3026 1809 3075; baseline -0.005 -8"><span class='ocrx_word' id='word_1_347' title='bbox 172 3041 228 3071; x_wconf 58' lang='lat' dir='ltr'><strong>tert</strong></span> <span class='ocrx_word' id='word_1_348' title='bbox 241 3040 418 3075; x_wconf 80' lang='lat' dir='ltr'><strong>utramque.</strong></span> <span class='ocrx_word' id='word_1_349' title='bbox 465 3032 551 3064; x_wconf 75' lang='lat' dir='ltr'><strong>Nam</strong></span> <span class='ocrx_word' id='word_1_350' title='bbox 564 3042 636 3072; x_wconf 76' lang='lat' dir='ltr'><strong>pm</strong></span> <span class='ocrx_word' id='word_1_351' title='bbox 653 3032 709 3063; x_wconf 84' lang='lat' dir='ltr'><strong>ina</strong></span> <span class='ocrx_word' id='word_1_352' title='bbox 729 3029 912 3062; x_wconf 73' lang='lat' dir='ltr'><strong>intermedia</strong></span> <span class='ocrx_word' id='word_1_353' title='bbox 932 3029 1010 3061; x_wconf 76' lang='lat' dir='ltr'><strong>duas</strong></span> <span class='ocrx_word' id='word_1_354' title='bbox 1051 3035 1143 3071; x_wconf 80' lang='lat' dir='ltr'><strong>atque</strong></span> <span class='ocrx_word' id='word_1_355' title='bbox 1157 3030 1196 3060; x_wconf 77' lang='lat' dir='ltr'><strong>ab</strong></span> <span class='ocrx_word' id='word_1_356' title='bbox 1210 3026 1271 3058; x_wconf 81' lang='lat' dir='ltr'><strong>inis</strong></span> <span class='ocrx_word' id='word_1_357' title='bbox 1285 3032 1443 3068; x_wconf 83' lang='lat' dir='ltr'><strong>premetur</strong></span> <span class='ocrx_word' id='word_1_358' title='bbox 1457 3026 1624 3067; x_wconf 67' lang='lat' dir='ltr'><strong>aequaliter,</strong></span> <span class='ocrx_word' id='word_1_359' title='bbox 1641 3028 1695 3068; x_wconf 84' lang='lat' dir='ltr'><strong>(ex</strong></span> <span class='ocrx_word' id='word_1_360' title='bbox 1708 3027 1809 3067; x_wconf 79' lang='lat' dir='ltr'><strong>dem.)</strong></span> 
     </span>
    </p>
   </div>
   <div class='ocr_carea' id='block_1_7' title="bbox 206 3085 1031 3122">
    <p class='ocr_par' dir='ltr' id='par_1_12' title="bbox 206 3085 1031 3122">
     <span class='ocr_line' id='line_1_42' title="bbox 206 3085 1031 3122; baseline -0.007 -1"><span class='ocrx_word' id='word_1_361' title='bbox 206 3086 288 3122; x_wconf 75' lang='lat' dir='ltr'><strong>Vox..</strong></span> <span class='ocrx_word' id='word_1_362' title='bbox 309 3089 359 3120; x_wconf 93' lang='lat'><strong>11.</strong></span> <span class='ocrx_word' id='word_1_363' title='bbox 1013 3085 1031 3115; x_wconf 96' lang='lat' dir='ltr'>I</span> 
     </span>
    </p>
   </div>
  </div>
 </body>
</html>
