2066 3548
143 249 292 292 Lumn
306 249 522 302 smum]
564 250 884 295 PRINCIPIA
916 229 1409 298 MATHEMA‘TmA.

143 363 185 396 ad
198 375 267 396 eam
281 364 458 396 distantiam
471 367 620 405 pervenit,
635 377 711 408 ergo
724 377 762 399 ea
775 367 972 399 velocitasoet

145 413 296 438 constans.
344 408 432 448 Ergo
446 408 479 438 in
494 409 602 439 eodem
616 409 722 440 medio
735 420 843 440 omnes
863 410 972 449 pulsus

145 455 219 479 sunt
232 449 431 489 aequiveloces
439 462 450 488 ;
472 451 557 491 quod
571 451 610 481 de
623 461 700 481 sono
712 461 768 490 per
781 453 971 492 experimen·

144 497 178 522 ta
191 501 298 521 verum
313 502 378 521 esse
392 492 609 524 demonstravit
626 494 811 525 Der-hamus.

187 537 240 565 29.
267 533 361 569 Quod
377 535 403 564 si
417 535 553 565 medium
568 535 722 566 diversum
735 536 784 574 sit,
802 537 975 567 velocitates

144 575 294 615 pulsuum
315 584 407 607 erunt
427 577 546 608 inverse
568 577 600 607 in
621 577 741 608 ratione
761 579 974 618 subduplicata

145 617 304 648 densitatis
324 625 356 649 et
375 619 489 650 directe
509 619 543 649 in
563 620 679 650 ratione
694 621 906 660 subduplicata
928 622 974 652 vis

144 659 286 697 ela-sticae,
302 661 416 701 quippe
432 663 477 703 (n.
495 665 544 692 17.
559 662 700 702 hujusce)
717 663 974 702 deprehendimus

144 701 329 742 quadratum
342 704 487 743 temporis
500 714 563 744 quo
576 704 713 736 celeritas
727 706 835 745 puncti
846 707 877 737 A
889 714 973 738 tran·

528 747 648 828 3.57fA
663 747 690 776 B
706 772 885 814 designante
898 776 929 805 A
942 775 971 806 Β

144 836 366 876 particularum
386 838 547 870 intervallo
567 846 599 871 et
618 840 637 870 f
653 841 682 870 vi
703 840 836 878 elasticfi,
858 847 889 873 et
902 842 973 873 uni-

144 879 285 909 formiter
296 880 461 918 procedere
475 889 597 913 motum
610 883 644 913 in
658 883 751 922 pulsu
765 885 805 914 ab
818 884 882 915 una
903 895 972 924 par-

144 921 241 951 ticuli
254 921 294 951 ad
308 930 496 962 sequentem,
512 931 675 956 sumantur
682 935 757 966 ergo
767 926 894 956 totidem
902 937 971 966 par-

143 968 190 993 tes
212 963 244 993 iu
269 971 400 1004 utroque
424 966 536 1004 medio,
567 974 705 1007 tempora
729 969 842 1008 quibus
868 975 973 999 motus

143 1005 253 1044 pulsus
276 1017 296 1036 a
319 1006 420 1046 prima
443 1008 483 1038 ad
509 1009 652 1040 ultimam
680 1011 836 1049 perveniet
855 1011 913 1042 erit
936 1019 974 1042 ut

146 1047 291 1140 VVAfB
315 1074 470 1116 (neglecta
491 1077 661 1117 quantitate
681 1078 831 1108 constanti
862 1080 970 1120 3.57.)

145 1141 302 1172 velocitas
315 1141 387 1172 νεῖ-ὂ
397 1142 506 1182 pulsus
519 1150 565 1175 est
575 1143 688 1175 directe
697 1151 734 1175 ut
743 1146 875 1184 spatium
887 1146 971 1187 quod

143 1190 297 1223 occupant
310 1184 373 1214 illae
386 1195 493 1216 omnes
508 1187 665 1225 particulae
679 1194 710 1217 et
724 1188 840 1219 inverse
850 1197 884 1219 ut
892 1196 970 1219 tem-

142 1236 203 1265 pus
226 1227 339 1267 quibus
358 1233 462 1257 motus
475 1238 494 1258 a
507 1228 608 1267 prima
628 1229 668 1260 ad
689 1229 830 1260 ultimam
851 1231 969 1268 transit,

142 1268 277 1307 spatium
292 1267 364 1299 vero
377 1270 461 1309 quod
476 1278 628 1310 occupant
641 1271 703 1302 iilae
717 1273 876 1311 particulae
896 1283 970 1303 cum

142 1311 205 1341 sint
214 1310 342 1341 totidem
349 1318 395 1342 est
405 1318 441 1342 ut
450 1312 649 1344 intervallum
657 1315 721 1345 AB
730 1315 862 1356 singulae
873 1316 969 1355 parti-

749 1403 901 1475 272}
924 1396 970 1414 ²

142 1510 185 1549 §l
207 1500 286 1539 KB
303 1513 337 1546 Χ
357 1501 440 1549 V?
480 1510 684 1541 Intervallum
696 1511 916 1551 particularum
925 1519 972 1544 est

139 1550 259 1581 inverse
272 1558 309 1581 ut
322 1551 457 1582 densitas
477 1553 571 1582 medii
596 1555 675 1593 (rem
690 1554 910 1585 considerando
931 1562 968 1586 ut

138 1592 174 1622 in
188 1603 220 1623 n.
239 1597 289 1625 25.
307 1593 450 1634 hujusce)
472 1604 547 1635 ergo
567 1595 710 1626 velocitas
723 1596 831 1634 pulsus
851 1603 897 1627 est
917 1597 965 1627 iu-

129 1633 225 1665 verse
239 1635 273 1664 in
287 1636 404 1675 ratione
418 1636 630 1675 subduplicata
643 1638 801 1669 densitatis
813 1639 919 1676 medii,
935 1646 966 1670 et

139 1676 254 1708 directe
267 1677 300 1707 in
311 1678 430 1708 ratione
440 1678 653 1718 subduplicata
667 1680 711 1710 vis
725 1680 856 1711 elasticae
869 1682 967 1723 (quod

141 1719 236 1758 Prop.
255 1719 428 1750 XLVHI.
446 1722 553 1751 statuit
569 1722 766 1762 Newtonus).

182 1765 234 1791 30.
266 1762 328 1792 His
341 1761 381 1792 de
395 1768 461 1796 toto
474 1763 567 1800 pulsu
588 1763 685 1801 dictis,
713 1775 797 1795 nunc
817 1765 857 1795 de
877 1772 965 1796 motu

138 1803 270 1843 singulae
295 1803 453 1842 particulae
475 1805 583 1843 pulsus
606 1807 830 1837 observandum
854 1815 909 1845 est,
933 1809 966 1838 in

138 1844 262 1886 singula
285 1846 436 1885 particula
460 1857 567 1877 omnes
592 1848 758 1879 velocitatis
781 1851 966 1880 successivos

137 1888 253 1928 gradus
261 1898 339 1928 quos
353 1888 461 1919 habuit
472 1889 572 1928 prima
583 1890 731 1929 particula
742 1891 773 1921 A
785 1892 922 1930 produci,
935 1898 966 1923 et

137 1928 332 1960 tantumdem
363 1931 508 1969 temporis
535 1931 570 1961 in
598 1932 637 1962 ea
665 1933 815 1972 particula
843 1934 963 1971 durare,

136 1970 290 2011 quantum
305 1972 337 2001 in
352 1982 388 2002 ω
401 1973 552 2011 particula
569 1975 609 2011 A,
631 1976 690 2005 boc
704 1985 776 2005 cum
791 1976 965 2007 discrimine

137 2013 221 2054 quod
229 2013 346 2044 tardius
356 2024 409 2044 eos
418 2015 583 2046 velocitatis
594 2016 709 2057 gradus
717 2018 861 2056 suscipiat
871 2029 966 2059 quam

136 2055 288 2095 particula
303 2057 346 2092 A,
368 2061 399 2086 et
412 2056 537 2096 quidem
550 2057 587 2087 ed
601 2058 718 2088 tardius
731 2058 794 2099 quo
807 2061 847 2090 ab
860 2070 897 2090 ea
917 2071 965 2090 re-

135 2098 250 2128 motior
261 2104 328 2136 est3
351 2098 479 2129 Primus
496 2101 602 2130 Casus.
629 2100 804 2138 Dividatur,
820 2108 855 2131 ut
868 2102 964 2141 prius,

136 2140 314 2170 vibi-ationis
327 2147 449 2179 tempus
458 2140 491 2170 in
500 2142 702 2180 tempuscula,
716 2148 748 2173 et
761 2142 891 2173 durante
901 2153 966 2175 uno

136 2181 331 2221 tempusculo
345 2182 502 2222 aequabilis
516 2193 639 2214 manere
653 2190 813 2215 censeatur
821 2186 964 2218 velocitas

136 2223 284 2263 impressa
299 2225 465 2264 ‘particulae
490 2227 532 2261 A,
558 2225 713 2267 fingamus
737 2227 862 2268 singulo
885 2234 965 2259 tem-

137 2266 269 2305 pusculo
289 2266 479 2299 velocitatem
493 2267 658 2316 tid-viginti
678 2270 843 2308 particulas
856 2281 962 2310 perve-

125 772 128 774 ’
144 768 184 799 sit
197 768 230 799 in
244 775 396 809 punctum
410 771 439 802 B
448 781 514 801 esse

145 1378 235 1417 eulae,
242 1376 376 1420 ideoque
385 1384 431 1410 est
439 1379 581 1412 velocitas
588 1381 696 1421 pulsus
703 1388 740 1413 ut

84 2311 86 2313 '
134 2308 212 2345 nire,
234 2314 267 2339 et
279 2308 451 2347 spectemus
465 2312 621 2350 spematim
634 2317 754 2341 motum
769 2322 862 2352 quem
876 2313 965 2344 dece-

135 2360 188 2380 ma
202 2351 352 2390 particula
365 2362 385 2381 a
397 2357 514 2390 puncto
531 2353 561 2382 A
576 2353 730 2393 suscipiet,
745 2365 815 2395 quae
829 2355 963 2394 particu-

95 2399 103 2402 '
136 2392 169 2423 la
181 2392 302 2423 dicatur
318 2394 363 2430 X,
385 2393 440 2424 illa
453 2394 602 2432 particula
616 2395 650 2426 X
665 2402 784 2426 motum
801 2397 907 2436 puncti
930 2396 962 2428 A

136 2444 200 2464 non
221 2435 347 2475 suscipit
361 2436 419 2466 nisi
432 2442 502 2475 post
521 2446 633 2467 novem
654 2439 816 2478 particulas
839 2447 962 2470 antece-

135 2476 252 2514 dentes,
274 2484 343 2508 tum
364 2478 429 2517 ipsa
450 2478 600 2517 particula
615 2480 650 2510 X
663 2488 783 2511 motum
798 2482 906 2520 puncti
930 2483 961 2513 A

136 2519 263 2558 suspicit
277 2526 308 2550 et
322 2520 516 2551 uniformiter
529 2531 603 2552 cum
616 2532 655 2552 eo
668 2529 810 2554 movetur
830 2523 961 2555 durante

134 2560 254 2601 reliquo
266 2562 469 2602 tempusculo‚
492 2569 568 2594 tunc
588 2574 627 2594 ex
647 2565 807 2605 hypothesi
822 2573 962 2597 mutatur

112 2613 119 2619 ·
135 2602 273 2634 celeritas
285 2605 392 2642 puncti
411 2606 450 2642 A,
467 2605 584 2637 interea
596 2613 701 2637 tamen
715 2607 878 2638 uniformis
891 2619 958 2639 ma-

92 2678 95 2680 ,
134 2651 190 2676 net
201 2645 339 2676 celeritas
351 2647 459 2686 puncti
474 2648 503 2677 X
521 2647 619 2679 donec
630 2658 709 2679 nova
722 2660 759 2681 &a
773 2650 909 2681 celeritas
918 2651 959 2682 ad

134 2686 232 2726 ipsam
246 2689 402 2727 pervenire
416 2690 567 2728 potuerit,
582 2692 640 2722 hoc
653 2698 699 2722 est
712 2699 873 2733 postquam
888 2704 958 2724 suc-

134 2729 248 2759 cessive
262 2731 399 2768 pervenit
412 2731 451 2761 ad
465 2732 629 2772 pmiculas
648 2744 759 2764 novem
774 2735 955 2766 anteceden-

134 2776 191 2807 tes,
215 2771 269 2802 sed
280 2781 359 2802 nova
371 2773 438 2804 haec
451 2774 588 2806 celeritas
603 2786 657 2814 per
670 2786 780 2807 novem
794 2778 959 2816 particulas

134 2813 348 2844 antecedentes
369 2816 549 2853 particulam
575 2818 609 2848 X
637 2826 823 2859 propagatur
850 2820 958 2850 eodem

134 2861 272 2894 tempore
284 2866 347 2896 quo
361 2857 459 2896 prima
471 2859 608 2890 celeritas
628 2870 683 2899 per
703 2861 826 2892 easdem
846 2872 958 2893 novem

133 2897 303 2936 paniculas
312 2906 479 2939 propagata
491 2901 610 2940 fuerat;
626 2913 700 2943 ergo
714 2904 813 2942 prima
823 2905 959 2936 celeritas

69 2974 78 2981 ι
133 2937 221 2970 tanto
245 2939 364 2970 diutius
387 2950 544 2979 permanet
564 2945 598 2974 in
616 2945 765 2984 particula
788 2946 821 2976 X
842 2947 959 2987 quanto

132 2982 251 3012 tardius
270 2992 340 3012 eam
360 2991 523 3022 receperat,
549 2997 624 3027 ergo
644 2998 681 3018 ea
700 2988 801 3027 prima
821 2989 959 3020 celeritas

133 3023 254 3054 tamdiu
268 3024 359 3055 durat
372 3026 405 3055 in
420 3027 568 3065 particula
585 3029 617 3059 X
633 3030 783 3070 quamdiu
797 3030 959 3063 duraverat

121 3066 165 3095 -iu
186 3066 336 3105 particula
361 3068 410 3105 A;
436 3078 570 3109 cumque
589 3071 671 3102 idem
686 3072 726 3102 de
739 3072 870 3113 singulis
887 3084 957 3104 suc-

132 3109 253 3140 cessivis
267 3110 403 3140 motibus
416 3112 522 3150 puncti
539 3115 570 3143 A
585 3113 647 3144 dici
663 3115 765 3154 possit,
787 3115 859 3146 hinc
872 3126 958 3156 quae-

1761 262 1844 301 285

1013 368 1087 399 libet
1108 369 1259 408 particula
1281 370 1317 401 X
1336 369 1524 409 ipsis-imum
1550 371 1642 402 habet
1665 377 1786 402 motum
1807 382 1845 403 ac

1013 411 1163 450 particula
1180 411 1222 448 A,
1248 410 1318 442 nisi·
1329 411 1414 452 quod
1436 411 1554 443 tardius
1567 412 1601 442 in
1615 412 1652 444 ea
1666 413 1792 453 incipiat
1812 420 1845 445 et

1014 453 1143 484 desinat.
1193 453 1333 494 Ideoque
1346 454 1440 485 etiam
1453 454 1651 486 manifestum
1665 462 1711 486 est
1731 457 1764 486 in
1784 457 1844 487 hoc

1015 506 1098 532 casu,
1121 496 1218 535 spatia
1231 507 1250 526 a
1264 497 1421 535 particulis
1440 498 1468 527 A
1484 503 1516 528 et
1531 497 1562 527 X
1578 497 1728 538 descripta
1742 508 1843 539 aequa-

1014 537 1058 569 lia
1072 537 1138 569 fore
1148 546 1179 568 et
1192 538 1331 570 similiter
1345 538 1505 578 descripta.

1057 582 1215 612 Secundus
1231 584 1334 613 Casus.
1371 581 1510 612 Ponatur
1530 591 1616 613 nnnc
1741 588 1844 613 motus

1013 623 1123 661 puncti
1139 624 1170 653 A
1186 624 1342 663 aequabilis
1356 633 1421 653 non
1435 631 1558 654 maneat
1572 624 1702 655 durante
1715 625 1841 665 singulo

1013 664 1216 704 tempusculo‚
1238 665 1413 696 velocitates
1425 671 1528 696 tamen
1544 667 1720 697 siicceesivae
1734 669 1843 706 puncti

1017 706 1051 736 X
1072 713 1164 737 erunt
1187 707 1249 737 inae
1274 718 1350 751 quas
1374 708 1408 737 in
1432 708 1495 738 fine
1517 708 1632 749 singuli
1655 710 1841 748 tempusculi

1014 758 1108 789 quam
1122 749 1243 780 minimi
1258 756 1410 789 punctum
1426 753 1458 780 A
1472 751 1672 791 acquisiverit,
1695 757 1732 782 ut
1746 751 1843 792 liquet

1014 801 1052 821 ex
1076 791 1165 821 tertio
1189 802 1262 822 casu
1284 798 1366 823 notae
1391 795 1441 828 24,
1471 791 1604 833 ideoque
1626 800 1779 833 punctum
1808 794 1842 824 X

1014 833 1159 872 suscipiet
1169 833 1342 864 velocitates
1352 834 1624 874 correspondentes
1634 835 1844 866 velocitatibus

1014 875 1122 914 puncti
1140 877 1169 906 A
1185 876 1317 916 sumptis
1329 887 1384 916 per
1397 876 1505 914 saltus,
1527 877 1581 907 sed
1601 878 1747 918 quoniam
1770 877 1843 908 ciim

1013 917 1151 956 primum
1165 925 1316 957 punctum
1334 919 1365 949 A
1380 919 1513 958 spatium
1530 919 1653 949 linitum
1674 919 1841 959 descripsit,

1013 969 1105 999 agere
1125 960 1234 999 incipit
1248 961 1281 990 in
1295 968 1447 1000 punctum
1469 961 1654 1000 proximum,
1681 962 1776 992 saltus
1796 963 1842 992 illi

1013 1002 1228 1042 quamminimi
1253 1003 1384 1044 intelligi
1407 1003 1528 1039 debent,
1556 1002 1689 1044 ideoque
1718 1005 1842 1044 physice

1014 1044 1104 1079 nulli,
1131 1044 1204 1075 hinc
1225 1044 1349 1085 physice
1370 1045 1520 1085 particula
1536 1045 1570 1076 X
1584 1053 1616 1077 et
1636 1047 1786 1086 particula
1810 1050 1841 1077 A

1014 1086 1138 1120 eosdem
1152 1093 1256 1117 motus
1269 1089 1434 1119 habebunt.

1058 1128 1177 1159 Pariter
1197 1129 1368 1161 describent
1388 1130 1484 1170 spatia
1506 1130 1635 1171 aequalia
1655 1137 1687 1162 et
1706 1130 1839 1169 similia3

1013 1171 1127 1210 quippe
1161 1172 1299 1202 abscissae
1327 1183 1428 1202 curvae
1456 1172 1593 1215 cnjusvis
1623 1181 1842 1213 repraesentent

1012 1219 1135 1252 tempus
1159 1224 1222 1254 quo
1246 1214 1378 1245 durante
1403 1223 1555 1254 punctum
1583 1216 1614 1246 A
1636 1222 1785 1253 movetur,
1809 1222 1841 1247 et

1012 1255 1079 1295 ejus
1092 1255 1239 1286 ordinatae
1253 1264 1470 1296 repraesenteut
1479 1257 1747 1297 correspondentes
1757 1258 1838 1288 velo-

1012 1298 1126 1335 citates,
1148 1304 1179 1328 et
1199 1297 1352 1329 dividatur
1372 1299 1438 1330 axis
1451 1309 1554 1338 curvae
1567 1299 1600 1329 in
1615 1306 1715 1339 partes
1728 1310 1839 1341 quam-

1012 1339 1156 1370 miuimas
1169 1340 1224 1371 sed
1238 1341 1348 1376 finitas,
1364 1341 1582 1382 eriganturque
1596 1341 1753 1377 ordinatae,
1775 1342 1839 1372 illae

1012 1384 1272 1420 repraesentabunt
1292 1382 1465 1415 velocitates
1485 1383 1649 1424 aequabiles
1669 1385 1777 1424 puncti
1800 1384 1835 1415 X

1012 1423 1100 1454 initio
1114 1425 1229 1466 singuli
1250 1425 1446 1465 tempusculi,
1472 1432 1504 1457 et
1523 1425 1840 1472 parallelogrammata

1013 1473 1156 1497 contenta
1176 1468 1234 1497 sub
1255 1467 1395 1498 ordinata
1415 1476 1446 1498 et
1465 1469 1605 1507 portione
1625 1470 1691 1498 axis
1712 1479 1838 1508 respon-

1012 1508 1104 1538 dente
1118 1511 1379 1548 repraesentabunt
1393 1511 1490 1549 spatia
1502 1521 1522 1541 a
1535 1517 1651 1550 puncto
1663 1511 1696 1541 X
1705 1511 1837 1550 descrip-

1011 1556 1053 1586 ta,
1068 1561 1147 1581 areae
1162 1550 1234 1582 vero
1247 1552 1426 1582 mixtilineae
1441 1553 1520 1583 inter
1540 1553 1663 1583 easdem
1684 1553 1837 1584 ordinatas

1008 1592 1130 1623 easdem
1151 1594 1217 1624 axis
1237 1595 1392 1633 portiones
1412 1601 1444 1625 et
1463 1605 1553 1625 arcus
1573 1605 1675 1626 curvae
1699 1606 1837 1635 compre-

1007 1634 1113 1665 hensae
1133 1638 1396 1675 repraesentabunt
1416 1638 1514 1676 spatia
1532 1637 1799 1676 correspondentia
1818 1649 1838 1668 a

1007 1684 1124 1715 puncto
1142 1682 1171 1708 A
1186 1677 1347 1717 descripta,
1371 1678 1428 1709 sed
1448 1679 1573 1719 quando
1595 1680 1749 1718 portiones
1769 1680 1835 1711 axis

1008 1725 1081 1749 sunt
1094 1721 1336 1760 quamminimae,
1359 1731 1491 1751 summae
1503 1721 1644 1751 omnium
1660 1732 1768 1752 eorum
1782 1733 1837 1761 pa-

1006 1761 1319 1802 rallelogrammatum
1330 1770 1362 1794 et
1369 1773 1508 1794 arearum
1521 1764 1760 1795 mixtilinearum
1769 1775 1836 1795 cor-

1006 1804 1260 1842 respondentium
1275 1815 1331 1844 pro
1350 1805 1520 1846 aequalibus
1539 1807 1700 1836 habentur.
1748 1807 1837 1847 Ergo

1007 1846 1104 1885 spatia
1114 1856 1133 1876 a
1146 1847 1303 1886 particulis
1320 1849 1349 1878 A
1362 1854 1393 1878 et
1406 1848 1437 1877 X
1455 1847 1606 1887 descripta
1619 1854 1693 1879 suut
1706 1849 1837 1890 aeqnalia

1006 1894 1038 1918 et
1051 1888 1191 1918 similiter
1203 1888 1354 1929 descripta
1366 1889 1475 1920 saltem
1489 1890 1583 1931 quam
1598 1890 1745 1929 proxime.

1050 1934 1102 1962 81.
1127 1930 1207 1962 Ideo
1220 1932 1416 1962 uniformiter
1428 1938 1533 1962 motus
1546 1932 1631 1963 fibrae
1646 1939 1833 1973 propagatur

1006 1978 1090 2002 trans
1110 1973 1274 2012 particulas
1294 1973 1388 2004 medii
1397 1986 1408 2012 ;
1430 1974 1562 2015 singulae
1576 1973 1648 2006 vero
1661 1975 1728 2016 ejus
1740 1977 1835 2015 parti-

1006 2014 1086 2044 culae
1100 2015 1268 2046 successive
1279 2022 1401 2046 motum
1421 2016 1505 2047 fibrae
1525 2017 1697 2056 suscipiunt
1716 2024 1747 2048 et
1769 2019 1836 2058 ejus

1006 2056 1048 2086 ad
1071 2056 1167 2087 instar
1186 2064 1359 2094 moventur,
1385 2058 1439 2088 sed
1459 2059 1492 2088 in
1515 2058 1592 2089 fibra
1612 2058 1737 2089 clastica
1758 2061 1836 2091 vires

1006 2104 1079 2128 suut
1106 2108 1226 2138 semper
1252 2100 1493 2139 proportionales
1519 2100 1672 2131 distantiae
1699 2101 1784 2131 fibrae
1815 2113 1835 2133 a

1006 2146 1123 2178 puncto
1143 2140 1247 2171 medio
1274 2147 1377 2171 motus
1403 2142 1461 2178 sui,
1492 2148 1528 2172 ut
1552 2152 1607 2182 per
1627 2145 1836 2182 experimenta

1007 2188 1134 2219 constat,
1157 2189 1188 2213 et
1208 2182 1330 2213 illarum
1344 2183 1457 2214 virium
1471 2185 1552 2215 actio
1565 2185 1748 2215 sensibiliter
1768 2196 1833 2216 non

1006 2225 1148 2255 turbatur
1160 2234 1215 2264 per
1228 2225 1431 2256 resistentiam
1441 2227 1526 2264 a‘eris,
1542 2233 1666 2266 propter
1678 2227 1745 2268 ejus
1758 2229 1833 2258 rari-

1005 2271 1110 2302 tatem,
1135 2277 1191 2297 nec
1210 2277 1267 2306 per
1286 2268 1353 2308 ejus
1373 2268 1532 2299 elaterium
1555 2269 1627 2309 quia
1641 2269 1714 2299 hinc
1727 2269 1801 2300 inde
1813 2281 1834 2301 a

1006 2307 1084 2338 fibra
1097 2309 1149 2339 aar
1168 2308 1260 2340 datur
1280 2310 1334 2350 qui
1354 2310 1419 2341 sere
1439 2310 1596 2351 aequaliter
1617 2311 1738 2350 premit,
1761 2311 1833 2343 ide&

1006 2350 1083 2381 fibra
1104 2351 1226 2383 elastica
1246 2362 1282 2382 ac
1302 2362 1358 2391 per
1381 2362 1570 2394 consequens
1597 2353 1757 2393 particulae
1784 2355 1833 2394 ip-

1005 2403 1047 2423 sae
1078 2392 1172 2424 medii
1203 2400 1366 2425 moventur
1394 2395 1565 2426 secundum
1600 2395 1702 2436 legem
1733 2391 1827 2437 Prop.

1007 2435 1225 2467 XXXVIII.
1246 2436 1315 2467 Lib.
1331 2437 1360 2467 Ι.
1409 2437 1469 2468 Sed
1483 2438 1591 2468 eadem
1604 2445 1649 2468 est
1663 2438 1712 2468 lex
1727 2445 1832 2470 motus

1003 2478 1132 2516 penduli
1145 2479 1177 2508 in
1192 2478 1329 2519 cycloide
1342 2479 1508 2510 oscillantis
1524 2480 1616 2519 Prop.
1636 2480 1697 2510 LI.
1716 2480 1787 2511 Lib.
1800 2481 1829 2512 Ι.

978 2558 982 2562 ¹
1005 2520 1096 2561 Ergo
1116 2523 1252 2562 pulsibus
1270 2532 1327 2561 per
1339 2523 1485 2563 fluidum
1509 2525 1680 2562 propagatis
1702 2524 1832 2563 singulte

997 2565 1161 2602 particulae
1181 2569 1263 2594 motu
1277 2565 1426 2604 reciproco
1441 2565 1607 2596 brevissimo
1622 2572 1726 2596 euntes
1739 2571 1769 2596 et
1781 2577 1831 2597 re-

1001 2607 1127 2636 deantes
1141 2608 1349 2638 accelerantur
1369 2618 1485 2646 semper
1505 2613 1533 2638 et
1554 2609 1754 2639 retardantur
1769 2619 1828 2649 pro

999 2648 1062 2687 lege
1076 2650 1238 2679 oscillantis
1246 2650 1385 2688 penduli.
1435 2649 1475 2685 Q.
1493 2659 1520 2679 e.
1539 2648 1569 2679 d.

1042 2699 1093 2726 32.
1121 2696 1269 2726 Sumatur
1283 2701 1406 2735 tempus
1419 2695 1558 2736 quodvis,
1580 2696 1734 2737 simulque
1750 2696 1831 2738 illud

999 2736 1195 2768 intervallum
1209 2738 1290 2768 inter
1302 2738 1466 2777 particulas
1478 2738 1596 2777 pulsus,
1612 2739 1696 2778 quod
1711 2738 1772 2769 tale
1782 2745 1830 2770 est

999 2777 1096 2810 ut'eo
1121 2787 1258 2819 tempore
1283 2786 1441 2819 assumpto
1465 2786 1569 2810 motus
1585 2780 1670 2811 fibrae
1690 2792 1710 2811 a
1729 2781 1830 2820 prima

998 2823 1149 2861 particula
1174 2823 1241 2863 ejus
1260 2822 1411 2853 intervalli
1432 2822 1472 2852 ad
1492 2823 1635 2853 ultimam
1659 2822 1825 2862 perveniat.

1002 2863 1094 2901 Dico,
1117 2864 1200 2904 quod
1216 2872 1338 2904 tempus
1351 2863 1431 2894 illud
1445 2864 1503 2894 erit
1516 2864 1557 2895 ad
1569 2870 1671 2895 totum
1685 2865 1827 2896 vibratio-

1000 2906 1048 2936 nis
1062 2913 1184 2945 tempus
1199 2913 1234 2937 ut
1247 2906 1324 2937 illud
1340 2906 1534 2937 intervallum
1549 2908 1589 2937 ad
1603 2907 1698 2938 totius
1718 2907 1827 2947 pulsus

1000 2948 1247 2988 longitudinem;
1273 2959 1321 2978 res
1342 2955 1387 2979 est
1409 2948 1635 2979 evidentissima
1655 2959 1692 2979 ex
1713 2960 1827 2990 praece-

1001 2990 1164 3029 dentibus;
1188 3001 1259 3021 nam
1274 2990 1348 3021 cum
1362 2998 1464 3021 motus
1477 2998 1663 3032 propagetur
1679 2992 1712 3022 in
1732 2993 1827 3032 pulsu

1001 3033 1195 3063 uniformiter
1208 3032 1441 3073 qualiscumque
1461 3034 1501 3063 sit
1518 3035 1667 3071 celeritas,
1688 3035 1748 3066 hoc
1769 3041 1823 3069 est,

999 3085 1073 3105 cum
1087 3075 1126 3105 ad
1141 3075 1268 3106 totidem
1293 3075 1457 3114 particulas
1477 3075 1550 3107 dato
1570 3082 1707 3115 tempore
1721 3087 1826 3116 perve-

999 3117 1073 3154 niat,
1090 3118 1287 3148 manifestum
1298 3124 1342 3148 est
1351 3117 1436 3159 quod
1449 3118 1493 3149 sic
1506 3125 1543 3150 ut
1555 3124 1603 3149 est
1615 3125 1716 3150 totum
1730 3119 1827 3149 vibra-
