2066 3548
352 215 369 235 b

224 260 306 298 220

655 250 1107 295 PHILOSOPHIAE
1139 249 1502 294 NATURALIS
1578 251 1940 303 [Moneonron.

221 368 392 426 aequalis
422 375 483 410 est
514 367 692 424 ponderi
719 367 960 424 cylindricae
989 366 1194 408 columnae
1223 380 1354 421 aquae,
1389 366 1504 421 cujus
1527 366 1637 408 basis
1663 367 1941 411 est-foramen

224 442 263 484 E
286 443 334 493 F,
357 449 399 484 et
418 442 593 483 altitudo
615 447 640 482 2
664 441 707 483 G
728 441 750 482 Ι
772 440 834 481 vel
859 445 884 481 2
904 441 940 482 C
965 440 1020 482 K.
1067 441 1177 481 Nam
1193 455 1300 496 aqua
1320 439 1506 490 exilium,
1522 450 1811 496 quoltempore
1830 441 1948 484 hanc(

220 515 456 557 columnam
490 520 638 568 aequat,
675 513 861 567 pondere
896 527 971 555 suo
1003 513 1055 554 ab

218 601 348 639 suam,
372 586 453 643 qua
475 585 603 636 exilit,
627 585 839 641 acquirere
858 592 1008 640 potest.

1092 512 1310 554 altitudine
1341 513 1385 554 G
1405 513 1427 554 I
1459 513 1649 556 cadendo
1677 514 1938 579 velocitatem

278 660 407 701 Corol.
431 663 469 699 3·-
517 656 688 698 Pondus
711 671 830 712 aquae
849 657 973 698 totius
993 655 1037 696 in
1056 669 1151 696 vase
1291 655 1341 694 K
1555 657 1582 694 Ι
1817 655 1858 697 L

219 729 261 770 A
282 727 386 770 B'D
410 728 446 769 C
468 737 531 769 est
550 728 603 769 ad
622 727 818 782 ponderis
847 734 1022 782 partem,
1054 741 1149 782 quae

216 803 261 843 in
281 800 496 842 defluxum
517 814 636 856 aquae
656 799 922 854 impenditur,
959 806 1006 840 ut
1038 813 1147 839 sum-

215 887 285 914 ma
314 872 562 914 circulorum
584 872 625 913 A
647 871 684 913 B
705 878 746 912 et
767 870 805 911 E
829 870 864 911 F
891 871 945 912 ad
974 870 1149 925 duplum

215 945 418 987 circulum
452 945 490 986 E
522 944 570 986 F.
634 943 697 986 Sit
731 943 843 984 enim
876 942 899 983 I
931 942 973 984 O
1012 942 1149 984 media
1200 996 1205 1003 x

213 1016 535 1072 proportionalis
552 1016 659 1057 inter
681 1016 703 1057 Ι
722 1015 771 1057 H
790 1024 831 1056 et
852 1015 874 1056 I
893 1014 935 1057 G
946 1031 958 1064 3
980 1022 1022 1056 et
1041 1029 1149 1070 aqua

212 1101 289 1142 per
317 1086 505 1127 foramen
540 1085 579 1127 E
603 1085 638 1126 F
668 1086 898 1140 egrediens,
935 1100 1018 1142 quo
1044 1093 1149 1127 tem-

211 1173 315 1213 pore
334 1166 455 1215 gutta
475 1157 664 1199 cadendo
684 1158 736 1199 ab
758 1158 780 1199 I
802 1158 1037 1199 describere
1050 1172 1148 1213 pos-

1290 698 1858 710 ....................................................

215 1237 279 1271 set
309 1229 572 1271 altitudinem
594 1229 616 1270 I
639 1229 695 1280 G,
728 1230 898 1286 aequalis
920 1230 997 1271 erit
1017 1229 1148 1285 cylin-
1269 1260 1303 1298 s.
1462 1258 1501 1298 E
1547 1234 1591 1271 G-
1619 1260 1657 1299 r
1848 1262 1895 1300 D

212 1303 290 1345 dro
310 1303 426 1358 cujus
447 1302 556 1344 basis
578 1311 640 1345 est
660 1303 838 1344 circulus
871 1303 909 1345 E
933 1303 969 1344 F
993 1310 1035 1344 et
1054 1302 1146 1344 alti-
1292 1284 1303 1298 Ι

213 1373 316 1414 tudo
335 1382 398 1414 est
419 1380 444 1415 2
467 1374 489 1415 Ι
512 1374 569 1424 G,
603 1374 645 1415 id
667 1382 742 1424 est,
779 1374 968 1430 cylindro
1003 1374 1118 1429 cujus
1153 1372 1264 1414 basis
1295 1379 1357 1414 est
1377 1371 1555 1414 circulus
1576 1372 1618 1413 A
1641 1372 1679 1413 B
1699 1381 1741 1414 et
1760 1373 1936 1415 altitudo

212 1454 275 1486 est
295 1450 321 1485 2
345 1445 366 1486 I
394 1444 447 1495 Ο,
482 1446 531 1500 (⁴³)
552 1459 649 1486 nam
680 1445 857 1487 circulus
880 1445 918 1486 E
941 1445 976 1486 F
996 1453 1058 1486 est
1082 1444 1136 1485 ad
1156 1443 1358 1486 circulum
1378 1443 1420 1485 A
1442 1443 1480 1485 B
1500 1443 1543 1483 in
1565 1441 1851 1498 subduplicata
1871 1458 1937 1485 ra-

212 1517 325 1558 tione
346 1516 573 1558 altitudinis
595 1517 617 1557 1
642 1517 690 1558 H
710 1517 764 1557 ad
784 1516 1045 1558 altitudinem
1066 1516 1087 1558 I
1111 1516 1166 1566 G,
1188 1515 1270 1556 hoc
1282 1522 1358 1564 est,
1390 1514 1435 1554 in
1465 1513 1642 1568 simplici
1667 1514 1827 1555 ratione
1847 1528 1935 1555 rna*

212 1589 294 1630 diae
314 1589 637 1644 proportionalis
660 1589 682 1630 Ι
705 1588 746 1630 O
767 1589 820 1630 ad
841 1589 1100 1630 altitudinem
1121 1588 1143 1629 I
1167 1588 1233 1629 G:
1265 1594 1307 1628 et
1327 1601 1411 1642 quo
1430 1593 1620 1641 tempore
1640 1593 1759 1642 gutta
1779 1586 1934 1628 caden-

211 1661 267 1702 do
287 1662 339 1703 ab
362 1662 383 1703 I
405 1662 638 1704 describere
658 1670 795 1717 potest
815 1661 1074 1703 altitudinem
1097 1661 1118 1702 I
1139 1660 1203 1710 H,
1227 1674 1334 1715 aqua
1353 1658 1572 1716 egrediens
1593 1656 1638 1712 (s)
1659 1658 1831 1714 aequalis
1854 1658 1933 1700 erit

211 1734 399 1790 cylindro
430 1736 545 1790 cujus
574 1735 685 1776 basis
706 1742 769 1776 est
789 1734 966 1776 circulus
988 1735 1028 1775 A
1052 1734 1089 1775 B
1110 1740 1152 1774 et
1170 1732 1345 1774 altitudo
1366 1740 1428 1773 est
1449 1737 1475 1772 2
1497 1731 1519 1772 Ι
1543 1731 1618 1773 Η;
1650 1739 1692 1772 et
1711 1746 1796 1787 quo
1825 1739 1930 1772 tem-

208 1820 312 1861 pore
346 1813 464 1862 gutta
493 1805 682 1847 cadendo
709 1806 762 1846 ab
784 1806 805 1846 I
826 1820 902 1860 per
925 1806 974 1847 H
994 1805 1049 1846 ad
1071 1805 1114 1846 G
1133 1803 1330 1844 describit
1359 1802 1623 1844 altitudinum
1654 1802 1930 1843 differentiam

211 1875 262 1917 H
284 1875 340 1926 G,
363 1890 470 1932 aqua
489 1875 721 1932 egredienS,
746 1877 797 1932 (g)
811 1876 853 1917 id
874 1884 948 1926 est,
971 1890 1078 1931 aqua
1098 1882 1185 1916 tota
1203 1874 1247 1915 in
1268 1874 1402 1915 solido
1425 1873 1464 1916 A
1487 1873 1526 1915 B
1547 1873 1590 1914 N
1609 1873 1644 1914 F
1661 1873 1699 1915 E
1717 1873 1770 1915 M
1789 1889 1930 1930 aequa-

209 2008 348 2042 moffisR’
392 2009 466 2041 Jam
480 2008 552 2040 νει-ὂ
566 2009 661 2051 hujus
678 2010 750 2041 Cor.
766 2013 795 2040 2.
814 2009 1047 2041 demonstratio-

169 2066 178 2076 *
210 2062 284 2083 nem
305 2050 448 2082 dedimus
471 2052 599 2093 (274.);
626 2052 728 2090 aliam,
753 2062 847 2093 quam
876 2054 1049 2083 Newtonus

209 2095 334 2131 indicat,
361 2101 571 2133 exposuerunt
588 2095 701 2125 Comes
727 2096 873 2125 Riccatus
894 2096 928 2125 in
950 2095 1050 2126 citatis

211 2136 501 2174 Exercitationibua
528 2143 560 2167 et
583 2137 771 2167 Eustachius
793 2137 990 2168 Manfredius
1011 2138 1045 2167 in

212 2180 476 2211 Adnotationibus
490 2178 531 2210 ad
545 2189 610 2219 cap.
633 2183 660 2210 1.
678 2179 844 2210 Tractatfis
862 2179 1046 2211 Guilelmini

209 2223 249 2254 de
260 2223 381 2253 Natura
393 2222 577 2252 Fluminum
586 2222 685 2264 (quod
695 2222 967 2265 praeclarum-opus
978 2228 1047 2262 post

209 2267 272 2297 fata
289 2264 404 2296 summi
426 2264 493 2302 viri,
517 2264 629 2296 clariss.
647 2265 756 2296 fratres
774 2266 900 2296 Gabriel
921 2271 953 2296 et
976 2266 1046 2295 He-

209 2308 335 2339 raclitus
351 2307 519 2339 Manfredi.
537 2318 586 2339 an.
605 2310 696 2340 1739.
724 2309 878 2339 Bononiae
892 2308 943 2339 edi
957 2318 1046 2338 cura-

209 2351 311 2391 runt.)
358 2350 594 2381 Demonstratio
615 2351 659 2382 sio
679 2356 779 2390 potest
800 2351 922 2391 exponi.
972 2351 1047 2387 Quo

209 2401 347 2433 tempore
362 2392 520 2433 cylindrus
533 2403 633 2434 aquae,
656 2394 746 2434 cujus
759 2394 840 2425 basis
854 2393 981 2434 aequalis
1002 2400 1049 2424 est

209 2435 355 2467 foramini
371 2436 400 2466 Ε
419 2435 457 2472 F,
483 2441 514 2466 et
538 2435 670 2466 altitudo
694 2437 724 2466 G
742 2436 760 2466 1
781 2436 812 2466 vi
834 2436 977 2476 ponderis
998 2436 1047 2467 sui

210 2479 350 2510 cadendo
371 2477 554 2508 describeret
574 2478 771 2510 altitudinem
788 2479 806 2509 1
825 2480 866 2517 G,
890 2485 922 2510 et
935 2478 1046 2508 veloci.

210 2528 305 2553 tatem
319 2531 408 2562 aquae
419 2520 572 2551 exilientis
583 2522 751 2562 acquireret
763 2533 774 2560 ;
789 2522 900 2553 eodem
910 2527 1048 2560 tempore

210 2575 228 2595 e
242 2565 395 2595 foramine
411 2564 442 2594 E
455 2563 482 2594 F
496 2563 636 2594 efflueret
650 2574 739 2604 aquae
752 2566 908 2605 quantitas
922 2564 1048 2604 aequalis

209 2607 298 2638 alteri
323 2606 464 2647 cylindro
491 2616 599 2646 nqueo,
626 2608 717 2648 cujus
740 2607 821 2638 basis
842 2613 888 2638 est
908 2606 1048 2637 foramen

212 2650 242 2680 E
261 2650 298 2687 F,
321 2655 352 2680 et
373 2647 538 2690 longitudo
553 2652 572 2679 2
591 2649 621 2680 G
639 2649 656 2679 1
674 2651 740 2691 (80.
762 2650 831 2680 Lib.
852 2649 910 2689 1.),
934 2649 967 2679 id
988 2655 1043 2686 est,

209 2691 350 2732 cylindro
373 2692 482 2731 prioris
504 2691 620 2731 duplo;
646 2698 678 2722 et
699 2690 771 2722 ide&
793 2694 832 2722 ob
853 2692 1045 2722 velocitatem

209 2744 304 2775 quam
326 2734 484 2774 cylindrus
505 2745 559 2774 per
580 2734 776 2765 altitudinem
801 2735 818 2765 1
838 2735 878 2771 G,
906 2733 1045 2764 cadendo

210 2777 349 2817 acquirit,
387 2777 538 2818 aequalem
567 2777 720 2808 velocitati
755 2787 844 2816 aquae
878 2776 1042 2814 exilientis,

209 2820 365 2859 quantitas
378 2820 482 2851 motus
496 2820 528 2850 in
541 2820 595 2850 illo
609 2819 749 2860 cylindro
762 2819 792 2849 vi
808 2819 951 2858 ponderis
965 2819 1045 2859 ejus-

211 2861 283 2891 dem
308 2862 438 2903 cylindri
460 2862 575 2904 genita,
603 2869 649 2893 est
663 2862 703 2893 ad
717 2862 918 2902 quantitatem
941 2861 1046 2892 motus

210 2904 319 2934 eodem
342 2911 480 2944 tempore
494 2906 527 2935 in
543 2905 622 2946 aquii
638 2905 782 2936 exiliente
805 2905 988 2944 productam
1010 2910 1047 2934 ut

213 2948 228 2975 1
253 2946 293 2976 ad
315 2951 344 2977 2.
395 2948 455 2978 Sed
481 2948 560 2978 vires
582 2947 753 2978 uniformes
777 2947 890 2988 quibus
915 2946 1047 2986 cylindri

210 2987 349 3019 cadentis
372 2995 403 3020 et
428 3000 518 3031 aquae
541 2990 694 3021 exilientis
716 2996 821 3020 motus
849 2995 1045 3030 generantur,

209 3035 284 3060 aunt
297 3037 334 3060 ut
348 3031 452 3062 motus
466 3033 653 3073 quantitates
667 3032 776 3063 eodem
791 3038 929 3071 tempore
943 3041 963 3061 a
978 3031 1049 3060 viri-

210 3073 272 3103 bus
296 3072 358 3102 illis
378 3074 492 3114 genitae
509 3076 576 3115 (15.
598 3075 668 3105 Lib.
690 3075 748 3115 1.).
798 3075 904 3110 Quare
927 3073 1050 3113 pondus

211 3114 342 3155 cylindri
363 3125 462 3156 aquae,
482 3117 578 3158 ‘cujus
592 3117 673 3148 basis
687 3122 733 3148 est
747 3117 887 3149 foramen
912 3116 942 3147 Ε
962 3116 997 3147 F.
1019 3122 1051 3147 et

1090 2009 1222 2040 altitudo
1240 2009 1271 2040 G
1283 2009 1314 2046 1,
1330 2014 1376 2040 est
1390 2008 1430 2039 ad
1444 2008 1507 2039 vim
1523 2008 1585 2050 quii
1599 2015 1683 2040 totus
1697 2019 1787 2050 aquae
1801 2008 1929 2040 exilien-

1090 2053 1130 2082 tis
1143 2058 1247 2082 motus
1270 2052 1411 2092 generari
1435 2057 1535 2090 potest
1555 2057 1592 2082 ut
1609 2055 1622 2082 1
1641 2051 1681 2082 ad
1697 2055 1727 2089 2,
1750 2057 1782 2082 et
1796 2050 1929 2091 proinde

1090 2095 1158 2124 haec
1172 2095 1217 2124 vis
1231 2094 1357 2134 aequalis
1372 2099 1418 2124 est
1431 2094 1560 2133 ponderi
1574 2094 1751 2134 cylindricae
1772 2094 1929 2131 columna

1087 2137 1287 2215 ⁸2q¹23ae1⁰²¹j³3
1311 2136 1390 2209 basds
1415 2142 1446 2167 et
1466 2137 1606 2167 foramen
1628 2137 1659 2167 E
1686 2137 1713 2168 F
1733 2142 1765 2168 et
1794 2135 1928 2169 altitudo

1199 2202 1206 2209 .
1288 2200 1296 2209 .
1314 2189 1341 2209 e.
1381 2200 1389 2209 .

1133 2222 1178 2263 (ε)
1196 2224 1214 2242 ¹*
1227 2223 1315 2253 Nam
1330 2223 1463 2253 circulus
1473 2223 1506 2253 Ε
1517 2224 1551 2254 F
1561 2228 1603 2253 est
1615 2224 1656 2253 ad
1670 2224 1827 2255 circulum
1839 2219 1926 2260 AB,

1088 2267 1123 2297 in
1137 2263 1349 2305 subduplicatd
1370 2267 1486 2296 ratione
1505 2266 1675 2296 altitudinis
1697 2267 1721 2297 I
1733 2267 1780 2302 H,
1803 2267 1845 2296 ad
1856 2266 1928 2296 ald-

1088 2309 1228 2340 tudinem
1245 2310 1267 2339 I
1282 2309 1310 2340 G
1327 2309 1396 2348 (per
1413 2308 1484 2339 Cor.
1507 2308 1547 2347 1.)
1563 2308 1594 2338 id
1608 2314 1662 2345 est,
1683 2309 1718 2339 iu
1731 2309 1862 2348 simplici
1874 2318 1927 2338 ra-

1089 2353 1170 2382 tione
1191 2352 1298 2382 mediae
1316 2351 1550 2391 qnoportionalis
1571 2352 1594 2382 I
1609 2351 1642 2384 0,
1667 2352 1708 2381 ad
1728 2351 1927 2382 altitudinem

1091 2396 1114 2425 I
1129 2395 1168 2430 G,
1195 2392 1326 2433 ideoque
1343 2393 1461 2424 factum
1483 2402 1520 2424 ex
1542 2392 1658 2423 circulo
1675 2392 1706 2422 A
1723 2393 1753 2424 Β
1769 2393 1802 2423 in
1816 2391 1924 2423 altitu·

1089 2436 1197 2466 dinem
1210 2440 1229 2465 2
1248 2436 1263 2466 1
1284 2436 1313 2466 Ο
1329 2435 1448 2476 aequale
1462 2441 1508 2466 est
1521 2435 1603 2466 facto
1617 2445 1654 2465 ex
1670 2434 1789 2466 circulo
1805 2435 1835 2465 E
1851 2434 1878 2465 F
1891 2434 1926 2465 in

1089 2478 1286 2509 altitudinem
1311 2478 1330 2508 2
1348 2479 1365 2509 1
1385 2478 1424 2514 G,
1449 2483 1514 2515 aut,
1536 2477 1621 2518 quod
1642 2477 1725 2508 idem
1747 2483 1804 2514 est,
1826 2476 1926 2516 cylin-

1091 2521 1166 2552 drus
1189 2521 1280 2562 cujus
1304 2521 1384 2551 basis
1408 2526 1455 2550 est
1476 2520 1612 2553 circulus
1641 2520 1668 2550 E
1686 2519 1714 2550 F
1741 2525 1773 2550 et
1793 2519 1926 2551 altitudo

1091 2568 1111 2594 2
1129 2564 1146 2595 1
1162 2564 1202 2601 G,
1226 2569 1365 2604 aequatur
1379 2562 1519 2603 cylindro
1533 2563 1623 2604 cujus
1636 2561 1717 2593 basis
1731 2567 1777 2593 est
1790 2561 1926 2594 circulus

1093 2607 1124 2637 A
1144 2607 1172 2637 B
1188 2613 1219 2637 et
1232 2605 1363 2637 altitudo
1379 2609 1398 2636 2
1414 2605 1432 2636 1
1451 2606 1491 2636 Ο.
1625 2633 1632 2638 ,

1131 2649 1172 2690 (f)
1190 2651 1207 2670 *
1225 2650 1370 2690 AEqualis
1383 2650 1439 2679 erit
1454 2649 1592 2689 cylindro
1607 2648 1699 2688 cujus
1713 2649 1792 2679 basis
1806 2653 1848 2680 est
1859 2649 1925 2681 cirn-

1088 2695 1178 2723 culus
1193 2693 1225 2722 A
1240 2694 1272 2723 B
1285 2697 1314 2722 et
1327 2692 1457 2722 altitudo
1471 2697 1514 2722 est
1536 2694 1554 2720 2
1570 2691 1593 2720 Ι
1607 2692 1652 2722 H.
1702 2689 1826 2721 Eadem
1840 2690 1925 2721 enin

1087 2733 1473 2817 Yquaeaqgantitalszessdgq
1480 2739 1618 2815 :timpore
1633 2733 1742 2782 transit
1755 2742 1811 2772 per
1822 2732 1926 2764 eircu-

1100 2787 1134 2807 os
1238 2799 1246 2812 ,
1269 2782 1301 2807 et
1535 2782 1565 2805 et
1607 2783 1751 2806 uanutas.
1802 2785 1850 2806 un
1871 2784 1926 2814 par

1088 2820 1241 2850 circulum
1260 2820 1288 2849 A
1308 2819 1347 2854 B,
1363 2818 1548 2849 transeuntis
1563 2786 1749 2858 egtempore
1762 2785 1826 2858 (3³10
1835 2822 1926 2858 gutta

1089 2861 1228 2892 cadendo
1237 2861 1406 2892 describere
1416 2867 1514 2900 potest
1525 2861 1722 2892 altitudinem
1733 2861 1751 2891 1
1764 2861 1808 2895 Η,
1822 2869 1925 2900 equ}-

1089 2905 1128 2935 lis
1149 2905 1206 2935 erit
1227 2903 1365 2944 cylindro
1386 2913 1484 2943 aqueo
1510 2904 1599 2943 cujus
1621 2904 1702 2935 basis
1723 2908 1770 2934 est
1789 2901 1925 2934 cin-uhu

1092 2948 1123 2978 A
1144 2947 1172 2978 B
1189 2953 1219 2977 et
1233 2945 1364 2977 altitudo
1379 2949 1399 2976 2
1417 2946 1433 2976 1
1452 2946 1487 2975 H
1505 2947 1571 2987 (80.
1594 2947 1664 2977 Lib.
1684 2946 1742 2983 1.).

1134 2990 1180 3029 (Β)
1199 2991 1216 3009 '¹
1234 2991 1275 3020 Id
1289 2995 1341 3026 en,
1356 2999 1437 3029 aqua
1453 2994 1526 3019 tota.
1565 2989 1649 3019 Nam
1663 2998 1702 3019 ex
1715 2988 1754 3019 iis
1767 2997 1839 3028 quoe
1852 2990 1925 3018 nate

1092 3041 1154 3063 cas.
1175 3036 1202 3062 l.
1221 3031 1303 3062 dicta
1318 3036 1400 3066 sunt,
1421 3030 1621 3061 manifestum
1636 3037 1683 3062 est
1695 3039 1807 3071 aquam
1828 3034 1925 3060 totam

1092 3074 1240 3113 praedicto
1264 3073 1363 3104 solido
1387 3079 1574 3111 contentam,
1600 3083 1655 3113 per
1678 3073 1818 3104 hanan
1843 3070 1875 3102 E
1897 3070 1925 3101 F

1090 3117 1203 3148 codem
1218 3122 1355 3156 ternpore
1369 3115 1505 3154 effluere,
1528 3125 1592 3157 quo
1605 3125 1694 3157 aqum
1707 3121 1798 3157 gutta
1811 3113 1840 3145 vi
1853 3122 1924 3155 gra-

2056 3532 2066 3544 .‘
2062 3477 2066 3527 -ῃ
2052 3447 2066 3472 LA.-
2048 3401 2066 3442 seni?
2049 3137 2066 3389 Mam
