2066 3548
246 295 250 298 ,
282 258 363 295 268
711 253 1164 297 PHILOSOPHIAE
1195 254 1556 300 NATURALIS
1614 257 1763 311 [Mor.
1786 259 1986 307 Conron.

280 379 387 420 aqua
405 371 592 420 tempore
610 365 759 408 minuti
779 366 900 408 unius
920 367 1090 409 secundi
1109 367 1341 418 descendet,
1373 376 1414 410 et
1432 375 1620 424 tempore
1643 371 1791 415 minuti
1820 374 1987 420 alterius

278 441 449 482 secundi
469 442 664 483 ascendet
675 458 686 492 ;
717 450 759 484 et
778 443 836 484 sic
856 443 1050 499 deinceps
1080 444 1237 486 vicibus
1257 444 1424 486 alternis
1445 445 1489 486 in
1507 426 1728 488 infinitum.
1789 446 1851 501 (¹¹²)
1874 445 1986 490 Nam

277 513 506 568 pendulum
537 513 692 568 pedum
717 515 797 567 3T¹g
823 513 1091 572 longitudinis
1120 522 1307 571 tempore
1338 516 1487 557 minuti
1515 516 1638 558 unius
1668 516 1837 558 secundi
1857 508 1986 558 'oscil-'

276 582 399 625 latur.

336 655 464 695 Corol.
489 660 527 695 3.
559 653 695 695 Αιιαῐὲι
715 662 854 697 autem
875 655 939 697 vel
959 654 1161 698 diminutfi
1190 655 1450 712 longitudine
1477 671 1608 713 aquae,
1641 650 1899 714 augetufvel
1918 657 1982 700 di-

277 724 476 765 mmuitur
495 731 656 780 tempus
676 726 1009 780 reciprocationis
1029 726 1073 767 in
1092 726 1360 783 longitudinis
1380 727 1539 769 ratione
1566 728 1867 784 subduplicatfi.

556 906 896 965 ROPOSITIO
929 906 1071 948 XLV.
1137 906 1497 948 THEOREMA
1528 907 1748 950 XXXVI.

480 1022 684 1063 Undarum
704 1021 888 1062 velocitas
909 1029 965 1063 est
987 1023 1031 1062 in
1049 1021 1323 1075 subduplicatc‘z'
1343 1023 1502 1063 ratione
1521 1024 1790 1065 latitudinum.

335 1134 617 1190 Consequitur
637 1149 690 1176 ex
710 1134 1016 1176 constructione
1039 1134 1337 1190 Propositionis
1365 1136 1582 1191 sequentis.

594 1300 971 1344 PROPOSITIO
1003 1301 1169 1344 XLVI.
1231 1300 1574 1343 PROBLEMA
1604 1302 1663 1343 X.

785 1414 974 1457 Invenire
993 1416 1236 1456 velocitatem
1255 1417 1464 1456 undarum.

330 1528 617 1570 Constituatur
643 1528 872 1583 pendulum
893 1530 1008 1583 cujus
1027 1526 1259 1584 longitudo,
1281 1526 1388 1568 inter
1408 1534 1610 1581 punctum
1635 1526 1911 1581 suspensionis
1941 1534 1982 1568 et

271 1608 459 1641 centrum
479 1600 756 1651 oscillationis,
780 1608 968 1656 aequetur
987 1599 1194 1641 latitudini
1210 1599 1438 1640 undarum:
1456 1595 1502 1640 'et
1521 1615 1604 1655 quo
1618 1608 1804 1654 tempore
1822 1599 1981 1654 pendu-

269 1670 358 1711 lum
377 1669 482 1710 illud
502 1669 775 1711 oscillationes
797 1669 979 1726 singulas
999 1669 1176 1726 peragit,
1209 1669 1352 1710 eodem
1374 1669 1499 1711 undae
1518 1668 1822 1726 progrediendo
1843 1669 1982 1711 latitu-

269 1734 411 1783 dinem
431 1756 547 1782 suam
567 1742 870 1796 propemodum
891 1742 1124 1783 conficient.

329 1813 553 1862 Undarum
582 1813 840 1854 latitudinem
870 1828 974 1854 voco
1003 1827 1240 1854 mensuram
1270 1820 1556 1862 transversam,
1593 1826 1686 1867 quae
1713 1812 1779 1853 vel
1808 1811 1982 1853 vallibus

269 1883 466 1934 imis,1vel
485 1883 655 1929 summis
676 1883 925 1924 culminibus
946 1884 1172 1938 interjacet.
1233 1883 1438 1938 Designet
1464 1883 1504 1923 A
1527 1882 1564 1923 B
1588 1881 1624 1924 C
1646 1882 1690 1923 D
1712 1881 1750 1923 E
1773 1882 1808 1923 F
1839 1896 1984 1936 super-

269 1953 409 1995 ficiem
428 1967 548 2009 aquae
569 1952 810 2009 stagnantis,
841 1953 964 1994 undis
995 1952 1231 1994 successivis
1262 1952 1551 1993 ascendentem
1570 1965 1619 1992 ac
1639 1951 1982 2001 deseendentem3

270 2357 433 2413 sintque
454 2357 507 2407 A,
533 2357 583 2408 C,
607 2357 659 2408 E,
682 2357 757 2399 διο.
779 2356 987 2399 undarum
1006 2357 1198 2408 culmina,
1222 2364 1264 2399 et
1279 2356 1328 2409 B,
1347 2356 1404 2409 D,
1424 2357 1472 2409 F,
1491 2359 1566 2401 διε.
1587 2357 1713 2401 valles
1733 2353 1980 2400 intermedii.

271 2427 330 2469 Et
349 2427 544 2483 quoniam
562 2435 699 2469 motus
720 2426 928 2468 undarum
939 2426 988 2467 fit
1005 2439 1082 2480 per
1100 2441 1219 2482 aquae
1235 2427 1510 2469 successivum
1525 2442 1740 2470 ascensum
1755 2435 1797 2469 et
1811 2427 1981 2468 descen-

264 2492 378 2551 sum,
412 2500 470 2541 sic
490 2508 537 2541 ut
557 2500 644 2555 ejus
665 2508 804 2554 partes
825 2499 879 2549 A,
904 2499 954 2549 C,
978 2498 1029 2548 E,
1052 2499 1127 2540 διο.
1149 2480 1373 2555 (Ῑιιαὲῃιιηο
1393 2500 1601 2542 altissimae
1621 2508 1728 2550 sunt,
1758 2513 1859 2541 mox
1878 2498 1981 2540 fiant

269 2570 425 2611 infimae
437 2587 449 2620 ;
480 2578 522 2612 et
541 2570 601 2611 vis
622 2571 787 2621 motrix‚
822 2568 901 2625 qufi
922 2577 1059 2624 partes
1079 2570 1287 2612 altissimae
1316 2570 1573 2612 descendunt
1592 2578 1633 2612 et
1652 2570 1807 2611 infimae
1833 2583 1979 2612 ascen-

270 2640 388 2690 dunt,
411 2648 474 2682 est
491 2640 655 2695 pondus
676 2655 796 2696 aquae
816 2639 1006 2689 elevatae3
1037 2639 1218 2682 alternus
1239 2641 1307 2683 ille
1327 2655 1518 2683 ascensus
1537 2649 1578 2683 et
1597 2640 1819 2683 descensus
1838 2638 1979 2683 analo.-

270 2727 348 2768 gus
369 2712 446 2753 erit
466 2713 596 2754 motui
616 2712 830 2767 reciproco
851 2726 969 2768 aquae
989 2712 1033 2753 in
1052 2713 1199 2764 canali,
1221 2714 1466 2770 easdemque
1486 2715 1682 2769 temporis
1703 2714 1816 2771 leges
1836 2713 1979 2755 obser-

271 2783 406 2826 vabit:
444 2791 485 2826 et
512 2791 735 2839 propterea
766 2786 858 2838 (per
880 2783 1005 2837 Prop.
1028 2782 1212 2836 XLIV.)
1245 2785 1278 2826 si
1298 2785 1501 2826 distantiae
1529 2785 1637 2826 inter
1662 2784 1867 2826 undarum
1886 2783 1979 2824 loc·

273 2856 468 2898 altissima
498 2858 551 2907 A,
577 2858 626 2908 C,
651 2858 689 2898 E
719 2865 761 2899 et
787 2856 929 2897 infima
951 2856 1001 2906 B,
1026 2856 1082 2906 D,
1107 2857 1156 2906 F,
1190 2858 1242 2912 (¹¹)
1264 2865 1477 2913 aequentur
1495 2857 1635 2912 duplae
1653 2855 1825 2912 penduli
1844 2855 1978 2913 longi-

288 3018 296 3025 ·
318 2978 371 3018 (¹¹²)
390 2981 406 2998 *
427 2981 514 3010 Nam
524 2981 695 3028 pendulum
705 2981 774 3027 ped.
794 2970 876 3021 85¹3,
889 2987 946 3008 seu
954 2976 1022 3026 ped.
1038 2981 1066 3008 3.
1076 2983 1107 3008 et
1150 2978 1263 3010 clinata
1290 2978 1471 3011 habentibus
1499 2978 1645 3010 definivit.
1695 2979 1777 3028 Retn
1805 2975 1979 3051 gnei-din·

274 3018 329 3049 lm.
341 3023 369 3049 8.
381 3020 614 3060 quamproxime
624 3023 711 3063 (471.
726 3020 862 3061 L1b.1.).
883 3019 1005 3051 Clausa
1021 3020 1104 3050 Her·
1148 3021 1340 3061 pertractavit
1360 3021 1454 3052 celeb.
1482 3021 1525 3051 D.
1547 3021 1746 3052 Bernoullius
1760 3030 1793 3051 m
1846 3018 1978 3061 ydrody—

274 3070 386 3091 manus
400 3059 491 3093 Tom.
509 3063 579 3094 111.
595 3064 717 3095 Comm.
736 3062 833 3094 Acad.
851 3063 973 3102 Petrop.
987 3068 1109 3093 motum
1151 3063 1281 3095 nnmicfi.
1328 3063 1399 3095 Hos
1409 3064 1560 3099 authores,
1577 3064 1602 3094 si
1618 3063 1710 3100 lubet,
1726 3062 1815 3094 adeat
1827 3062 1933 3093 lector.
1977 3092 1980 3094 .

275 3113 363 3144 aquae
378 3103 411 3134 in
426 3105 508 3134 tubis
523 3115 610 3137 crura
631 3104 862 3146 quomodolibet
881 3104 921 3137 nd
942 3103 1038 3136 basim
1060 3104 1107 3135 in·
1195 3106 1243 3148 (Ρ)
1268 3108 1284 3126 ⁸⁸
1307 3107 1486 3148 AEqueneur
1510 3108 1610 3146 dupla
1632 3106 1762 3148 penduli
1784 3104 1974 3146 longitudini.
