2066 3548
182 219 330 261 Lmen
343 219 560 270 Saeuum]
602 219 924 262 PRINCIPIA
955 218 1447 263 MATHEMATICA.
1805 228 1879 265 191

824 556 1068 605 SECTIO
1102 557 1220 605 VII.

436 690 515 736 De
530 695 659 756 ⁸motu
672 690 931 752 fluidorum
953 699 999 738 et
1021 691 1282 739 resistentid
1294 692 1615 754 prcy'ectilium.

416 881 789 925 PROPOSITIO
820 882 1027 924 XXXII.
1087 882 1448 925 THEOREMA
1478 882 1652 924 XXVI.

181 1011 228 1054 Si
242 1025 446 1065 corporum
465 1019 674 1067 systemata
695 1014 771 1053 duo
790 1013 939 1054 similia
961 1027 1010 1053 ex
1029 1013 1176 1067 aequali
1196 1014 1491 1067 particularum
1517 1026 1678 1054 numero
1695 1017 1885 1061 constent,

233 1089 273 1124 et
300 1084 519 1136 partic-alce
549 1085 892 1136 correspondentes
920 1084 1068 1124 similes
1095 1083 1176 1124 sint
1204 1089 1243 1123 et
1265 1084 1605 1137 proportionales,
1646 1083 1814 1137 singulae
1843 1083 1890 1122 in

232 1168 311 1194 uno
343 1161 548 1208 systemate
585 1155 753 1209 singulis
785 1144 829 1194 in
860 1155 1002 1203 altero,
1039 1160 1078 1194 et
1109 1155 1295 1195 similiter
1327 1155 1419 1196 sitae
1450 1155 1557 1195 inter
1581 1169 1635 1203 se,
1672 1168 1721 1194 ac
1749 1155 1889 1194 datam

230 1227 406 1267 habeant
434 1228 630 1267 rationem
658 1227 869 1268 densitatis
898 1228 955 1267 ad
985 1226 1162 1275 invicem,
1199 1232 1237 1266 et
1268 1227 1374 1267 inter
1392 1241 1432 1266 se
1452 1226 1690 1279 temporibus
1714 1239 1890 1279 propor-

237 1299 456 1340 tionalibus
483 1300 668 1340 similiter
694 1300 842 1340 moveri
871 1300 1071 1352 incipiant
1101 1297 1185 1352 (ece
1204 1300 1311 1340 inter
1328 1313 1369 1339 se
1387 1313 1475 1353 quae
1495 1301 1539 1339 in
1557 1313 1635 1339 uno
1654 1305 1745 1340 sunt
1769 1304 1891 1353 syste-

233 1376 339 1410 mate
358 1375 396 1410 et
416 1383 473 1410 eoe
493 1370 598 1409 inter
617 1383 658 1410 se
677 1382 766 1423 quae
783 1376 874 1410 sunt
895 1370 939 1409 in
958 1369 1115 1424 altero)
1145 1376 1184 1410 et
1202 1370 1345 1410 sinon
1377 1376 1551 1424 tangant
1576 1385 1617 1411 se
1642 1376 1773 1411 mutuo
1804 1382 1892 1423 quae

236 1443 282 1482 in
315 1443 445 1483 eodem
475 1449 566 1484 sunt
583 1448 800 1498 systemate,
832 1442 915 1484 nisi
933 1443 978 1482 in
996 1443 1198 1482 momentis
1216 1442 1484 1498 reflexionum,
1516 1456 1640 1496 neque
1659 1443 1887 1491 attrahant,

235 1513 455 1567 velfhgent
473 1527 513 1554 se
531 1510 674 1562 mutuo,
696 1514 779 1554 nisi
796 1513 947 1554 viribus
966 1512 1309 1553 acceleratricibus
1329 1526 1417 1566 quae
1437 1514 1520 1553 sint
1537 1519 1583 1553 ut
1592 1514 1893 1566 particularum

234 1585 619 1638 correspondentiam
639 1585 827 1625 diametri
847 1581 1000 1626 inverse
1019 1590 1058 1626 et
1077 1585 1279 1638 quadrata
1307 1586 1555 1625 velocitatum
1584 1582 1733 1625 directe
1746 1603 1760 1625 .·
1798 1584 1888 1624 dico

233 1655 339 1709 quod
355 1660 600 1709 systematum
614 1656 829 1708 particulae
849 1657 932 1696 illae
943 1661 1116 1710 pergent
1135 1656 1241 1696 inter
1259 1669 1300 1697 se
1317 1656 1555 1709 temporibus
1564 1646 1893 1710 propm-tionaliss

233 1725 303 1766 bus
324 1724 371 1780 (¹²)
393 1725 579 1766 similiter
597 1726 756 1766 moveri.
1912 1727 1915 1731 '

226 1825 434 1894 ‘Corpora
453 1839 602 1880 similia
630 1847 672 1881 et
700 1840 887 1883 similiter
915 1841 993 1882 sita
1020 1841 1274 1896 temporibus
1305 1841 1685 1896 proportionalibus
1714 1841 1823 1882 inter
1851 1855 1895 1882 se

179 1909 365 1951 similiter
383 1910 540 1952 moveri
560 1910 667 1961 dico,
699 1925 877 1967 quorum
897 1911 998 1953 situs
1018 1912 1073 1953 ad
1091 1912 1266 1954 invicem
1285 1912 1329 1953 in
1349 1912 1433 1954 fine
1461 1921 1697 1968 temporum
1727 1912 1895 1953 illorum

180 1994 344 2034 semper
362 1987 457 2021 sunt
476 1980 649 2022 similes:
680 1980 782 2036 puta
801 1981 836 2024 si
849 1982 1063 2036 particulae
1083 1983 1206 2024 unius
1227 1984 1458 2039 systematis
1479 1998 1575 2024 cum
1603 1983 1771 2024 alterius
1800 1997 1896 2038 par-

177 2051 313 2092 ticulis
334 2051 750 2105 correspondentibus
770 2053 1045 2095 conferantur.
1108 2054 1235 2096 Unde
1255 2064 1443 2109 tempora
1462 2064 1586 2096 erunt
1603 2055 1896 2110 proportiona-

178 2122 247 2174 lia,
261 2122 306 2163 in
317 2122 464 2179 quibus
482 2122 633 2164 similes
649 2131 690 2165 et
701 2125 1029 2179 proportionales
1042 2125 1272 2182 figurarum
1284 2127 1478 2168 similium
1490 2135 1629 2182 partes
1643 2143 1671 2168 a
1682 2125 1896 2181 particulis

182 2195 601 2251 correspondentibus
622 2196 923 2238 describuntur.
985 2197 1120 2254 Igitur
1149 2198 1183 2239 si
1212 2198 1296 2239 duo
1325 2199 1409 2239 sint
1438 2198 1642 2253 ejusmodi
1664 2206 1896 2254 systemata,

179 2267 394 2322 particulae
413 2267 795 2322 correspondentes,
817 2267 872 2308 ob
885 2267 1193 2309 similitudinem
1209 2269 1483 2323 incoeptorum
1499 2277 1700 2319 motuum,
1721 2276 1899 2325 pergent

183 2338 372 2381 similiter
401 2339 569 2388 moveri,
605 2353 736 2394 usque
766 2338 898 2379 donec
927 2339 1006 2380 sibi
1024 2348 1170 2380 mutuo
1190 2348 1422 2381 occurrant.
1482 2339 1593 2381 Nam
1614 2339 1649 2380 si
1668 2338 1791 2380 nullis
1812 2339 1899 2395 agi-

183 2419 324 2454 tantur
354 2412 522 2462 viribus,
550 2411 879 2468 progredientur
912 2411 1173 2453 uniformiter
1209 2413 1254 2468 (⁸)
1276 2412 1319 2452 in
1350 2411 1468 2453 lineis
1502 2411 1624 2453 rectis
1653 2426 1729 2466 per
1762 2410 1898 2460 motfis

182 2483 262 2540 leg.
288 2490 324 2525 1.
386 2485 430 2526 Si
450 2484 604 2525 viribus
625 2484 832 2539 aliquibus
854 2500 896 2526 se
916 2493 1063 2526 mutuo
1083 2484 1253 2541 agitant,
1275 2492 1317 2525 et
1335 2485 1442 2526 vires
1462 2484 1544 2525 illae
1565 2484 1647 2525 sint
1660 2491 1706 2523 ut
1719 2483 1900 2537 particu-

183 2554 317 2595 larum
337 2554 746 2610 correspondentium
766 2554 956 2597 diametri
975 2555 1138 2599 inverse
1165 2564 1206 2598 et
1225 2555 1426 2611 quadrata
1444 2555 1705 2597 velocitatum
1726 2555 1898 2606 directe3

232 2682 277 2724 (¹')
294 2685 312 2703 ’
329 2685 473 2715 Similiter
487 2686 609 2716 moveri.
658 2685 758 2715 Sumo
776 2685 804 2714 A
822 2690 852 2714 et
866 2695 894 2719 a,
914 2684 1023 2723 Petp,
1067 2691 1159 2725 atque
1176 2685 1198 2716 S
1214 2685 1244 2715 A
1265 2685 1293 2715 B
1309 2684 1434 2725 aequalis
1448 2695 1463 2713 s
1477 2695 1495 2714 a
1509 2685 1538 2714 b.
1576 2683 1621 2713 Et
1634 2682 1703 2712 alite
1717 2681 1774 2713 sibi
1787 2682 1900 2714 mutuo

193 2724 217 2755 S
229 2731 262 2755 et
275 2735 299 2761 s,
313 2725 368 2756 διο.
388 2727 545 2757 narticulae
561 2727 594 2757 in
603 2725 730 2757 duobus
744 2726 957 2766 systematibus
968 2727 1025 2757 sibi
1067 2727 1336 2766 correspondentes
1360 2727 1518 2766 particulae
1546 2725 1704 2765 quiescant
1730 2725 1779 2755 vel
1807 2725 1902 2755 simili

190 2765 303 2797 mutuo
331 2769 608 2808 correspondentes.
659 2769 817 2799 Particula
847 2769 879 2798 A
908 2769 941 2798 in
970 2779 1028 2799 suo
1070 2769 1165 2800 modo
1180 2775 1371 2800 moveantur.
1420 2769 1483 2799 His
1497 2766 1611 2806 positis
1628 2767 1901 2798 demonstrandum

192 2814 357 2849 systemate
377 2815 515 2850 tempore
538 2811 578 2848 T,
600 2811 755 2842 descrsbat
780 2810 912 2849 spatium
933 2821 1027 2851 quam
1070 2818 1123 2848 est,
1139 2811 1223 2852 quod
1237 2811 1262 2841 si
1275 2817 1438 2841 sumantur
1451 2816 1589 2849 tempora
1602 2809 1663 2840 alia
1673 2819 1743 2849 quae
1753 2809 1815 2840 sint
1825 2816 1861 2841 ut
1871 2810 1901 2842 Τ

192 2851 359 2881 minimum
377 2852 406 2882 A
426 2853 465 2890 B,
481 2859 513 2883 et
527 2853 677 2893 panicula
689 2852 930 2891 correspondens
943 2863 971 2890 a,
993 2853 1027 2882 in
1069 2859 1100 2884 et
1121 2860 1143 2890 t,
1169 2853 1326 2892 particulae
1347 2852 1616 2891 correspondentes
1640 2858 1732 2883 erunt
1754 2851 1901 2894 utrinque

194 2893 291 2924 altero
305 2899 467 2933 systemate
477 2899 615 2934 'tempore
625 2901 648 2933 t,
667 2895 816 2925 describat
827 2895 957 2934 spatium
971 2906 989 2924 a
999 2896 1029 2931 b,
1072 2895 1210 2926 similiter
1223 2897 1338 2935 posita».
1406 2904 1412 2911 ’-
1441 2895 1449 2904 ’

195 2935 290 2975 priori
308 2936 337 2966 A
358 2935 398 2972 Β,
424 2935 524 2968 simile
538 2937 737 2978 similiterque
758 2937 862 2973 situm,
884 2936 929 2967 its
942 2944 978 2968 ut
991 2938 1030 2968 sit
1116 2937 1157 2980 (⁸)
1176 2941 1192 2957 ⁸
1212 2940 1252 2969 In
1266 2939 1352 2968 lineis
1363 2939 1516 2976 rectis-per
1526 2935 1626 2968 monis
1635 2938 1692 2977 leg.
1708 2940 1736 2967 1.
1763 2935 1901 2977 Ideoque

199 2978 230 3008 A
249 2978 289 3014 Β,
312 2977 351 3008 ad
366 2988 386 3008 a
398 2979 430 3015 b,
452 2985 490 3009 ut
501 2979 649 3010 diameter
663 2979 822 3019 particulae
838 2980 881 3015 A,
910 2979 949 3010 ad
964 2979 1028 3010 dia·
1072 2981 1111 3010 ob
1134 2979 1307 3010 velocitates
1328 2979 1495 3010 uniformes
1516 2984 1547 3010 et
1568 2979 1682 3009 similes
1695 2984 1839 3010 motuum
1853 2978 1901 3009 di-

195 3027 330 3050 metrum
345 3020 504 3060 particulae
518 3031 547 3059 a,
563 3021 626 3052 sive
640 3028 676 3053 ut
693 3022 724 3052 A
739 3021 761 3052 S
775 3020 814 3051 ad
827 3032 848 3051 a
861 3031 883 3056 s,
900 3021 948 3052 vel
964 3022 993 3052 P
1006 3022 1028 3053 S
1069 3022 1219 3053 rectiones
1227 3027 1355 3062 pergent
1363 3021 1501 3052 similiter
1510 3021 1626 3052 moveri
1635 3020 1822 3061 temporibus
1830 3031 1900 3060 pro-

195 3062 235 3093 ad
249 3073 270 3102 p
285 3073 310 3100 s,
333 3068 365 3093 et
386 3062 522 3104 angulus
538 3064 568 3095 Δ
587 3064 610 3096 S
626 3064 655 3096 Β
668 3063 794 3106 aequalis
807 3063 923 3105 angulo
937 3075 956 3096 n
969 3075 984 3095 s
998 3065 1027 3101 b,
1071 3064 1303 3104 portionalibus
1319 3074 1417 3105 usque
1430 3063 1470 3095 ad
1483 3074 1629 3096 occursus
1643 3074 1714 3096 suos
1728 3063 1852 3103 primos.
