2066 3548
194 226 278 262 230

191 349 268 377 nec
288 341 412 391 auget
429 347 508 376 nec
528 334 687 375 minuit.

625 218 1077 262 PHILOSOPHIAE
1109 219 1471 264 NATURALIS
1541 221 1925 274 [MoT.Com>on·..

752 332 875 375 Certe
896 333 1002 375 actio
1020 334 1150 383 fluidi,
1183 349 1276 390 quae
1297 334 1349 376 ab
1370 337 1456 392 ejus
1486 336 1794 392 compressione
1821 339 1908 380 ori·-

191 415 272 458 tur,
306 407 451 449 fortior
480 422 568 449 esse
589 422 674 448 non
694 414 830 461 potest
849 406 892 446 in
910 415 1049 461 partes
1079 407 1256 462 posticas
1286 408 1470 462 corporis
1491 408 1592 450 moti
1611 408 1736 464 quam
1755 409 1798 450 in
1819 410 1908 465 ejus

188 487 327 534 partes
357 479 527 528 anticas,
564 478 742 533 ideoque
771 477 1044 519 resistentiam
1065 478 1107 518 in
1128 477 1207 520 hac
1230 479 1520 533 Propositione
1550 479 1799 535 descriptam
1829 461 1907 523 mi-

189 563 317 591 nuere
337 564 422 590 non
442 556 602 603 potest:
635 555 676 589 et
696 535 842 589 sortior
861 563 947 588 non
967 548 1045 589 erit
1065 548 1108 588 in
1126 556 1266 602 partes
1296 549 1451 590 anticas
1482 548 1606 605 quam
1636 549 1680 591 in
1710 551 1904 606 posticas,

190 621 224 661 si
244 619 370 661 modo
390 618 634 675 propagatio
657 619 743 674 ejus
773 618 932 661 infinite
953 618 1135 659 velocior
1155 619 1207 660 sit
1227 618 1350 675 qudm
1378 628 1515 662 motus
1546 621 1732 676 corporis
1760 623 1904 678 pressi.

191 691 360 734 Infinite
381 699 516 732 autem
538 690 719 732 velocior
739 689 816 732 erit
837 697 877 731 et
891 689 1188 746 propagabitur
1207 690 1251 732 in
1270 691 1449 743 instanti,
1473 691 1646 734 simodo
1665 691 1840 737 fluidum
1853 693 1906 738 sit

189 762 433 804 continuum
452 769 494 803 et
514 775 598 802 non
619 760 845 802 elasticum.

248 832 297 887 (¹)
324 833 454 874 Corol.
482 837 517 873 1.
564 831 873 888 Cylindrorum,
910 830 982 887 qui
1011 830 1240 872 secundum
1268 830 1550 887 longitudines
1579 847 1674 876 suas
1692 833 1738 875 in
1756 834 1904 877 mediis

189 905 394 947 continuis
429 903 600 945 infinitis
631 902 890 945 uniformiter
917 902 1255 960 progrediuntur,
1291 902 1531 945 resistentiae
1561 912 1658 946 sunt
1679 905 1725 946 in
1743 906 1904 949 ratione

187 990 280 1033 quae
300 975 562 1030 componitur
582 989 635 1016 ex
650 973 858 1029 duplicata
879 974 1038 1015 ratione
1057 973 1322 1016 velocitatum
1342 981 1385 1016 et
1403 973 1612 1030 duplicata
1633 976 1792 1018 ratione
1812 975 1902 1018 dia-

185 1056 414 1090 metrorum
433 1055 474 1089 et
493 1046 652 1089 ratione
672 1046 885 1088 densitatis
905 1046 1151 1089 mediorum.
1195 1062 1198 1064 ’

244 1119 286 1175 (¹)
313 1121 444 1161 Corol.
468 1124 506 1159 2.
541 1118 586 1160 Si
606 1117 837 1172 amplitudo
857 1116 1011 1159 canalis
1031 1131 1118 1159 non
1137 1124 1339 1175 augeatur
1358 1117 1400 1158 in
1421 1117 1643 1170 infinitum,
1675 1118 1750 1160 sed
1769 1119 1918 1176 cylin-v

187 1190 287 1232 drus
307 1190 351 1230 in
371 1189 509 1231 medio
540 1188 775 1245 quiescente
803 1188 964 1231 incluso
994 1187 1221 1230 secundum
1252 1187 1554 1245 longitudinem
1585 1203 1701 1230 suam
1729 1204 1902 1247 progre-
1951 1236 1955 1238 ,

229 1304 275 1354 (¹⁵)
295 1305 391 1337 Cor-ol.
415 1308 441 1335 1.
478 1304 529 1336 Sic
548 1303 784 1335 demonstratur.
834 1302 1023 1335 Resistentia

185 1347 317 1387 cylindri
330 1348 480 1388 cujusque
495 1353 542 1377 est
556 1345 670 1378 directe
686 1353 722 1377 ut
735 1346 871 1377 densitas
885 1346 979 1377 medii
991 1351 1023 1377 et

184 1391 230 1419 vis
243 1389 406 1420 uniformis
421 1388 483 1430 qua
498 1396 582 1420 totus
596 1388 727 1429 cylindri
740 1395 854 1426 motuS,
870 1399 932 1429 quo
942 1394 1022 1419 tem-

183 1442 259 1471 pore
272 1432 481 1472 quadruplum
497 1431 703 1472 longitudinis
724 1441 788 1462 suae
807 1430 951 1462 describit
971 1430 1021 1461 vel

185 1475 325 1515 generari
344 1475 395 1504 vel
416 1474 483 1505 tolli
508 1474 613 1514 possit,
639 1480 670 1504 et
691 1473 809 1504 inverse
830 1480 867 1504 ut
887 1473 1021 1504 densitas

185 1516 316 1557 cylindri
333 1518 387 1558 (ex
402 1516 502 1551 dem.)
515 1529 524 1554 ;
548 1517 602 1547 sed
616 1517 661 1546 vis
677 1516 729 1546 illa
742 1515 906 1546 uniformis
921 1522 966 1546 est
987 1516 1020 1545 in

185 1559 305 1589 ratione
326 1558 496 1598 composita
510 1569 548 1589 ex
564 1558 732 1589 rationibus
746 1558 868 1589 directis
882 1558 1019 1598 longitu-

185 1600 267 1631 dinis
292 1601 433 1641 cylindri,
463 1601 604 1641 quadrati
627 1600 777 1636 diametri,
808 1600 966 1631 densitatis
989 1606 1021 1631 et

184 1643 325 1683 quadrati
349 1644 517 1674 velocitatis
539 1650 570 1673 et
591 1653 629 1674 ex
649 1643 767 1674 ratione
788 1643 908 1674 inversa
927 1643 1016 1682 spatii

183 1685 335 1725 descripti,
370 1697 424 1716 seu
454 1696 492 1716 ex
521 1685 638 1716 ratione
666 1685 784 1716 inversa
812 1685 1015 1726 longitudinis

183 1728 313 1768 cylindri
331 1729 447 1769 (280.).
496 1727 603 1764 Quare
618 1729 687 1770 (per
701 1728 954 1767 compositionem
968 1738 1017 1758 ra-

182 1771 306 1800 tionum
327 1777 358 1802 et
379 1781 416 1802 ex
432 1771 546 1810 aequo),
573 1770 742 1801 resistentia
762 1770 892 1810 cylindri
913 1770 1017 1810 cujus-

183 1822 327 1853 cumque,
353 1813 378 1843 si
404 1813 581 1843 conferatur
603 1822 676 1842 cum
700 1812 869 1854 resistentia
893 1812 1018 1842 alterius

183 1855 326 1894 cylindri,
356 1862 402 1885 est
424 1856 456 1884 in
478 1855 596 1885 ratione
609 1865 680 1894 quae
695 1855 888 1893 componitur
909 1864 947 1884 ex
967 1864 1015 1884 ra-

183 1897 267 1926 tione
283 1897 442 1927 densitatis
462 1896 565 1933 medii,
593 1902 623 1927 et
644 1897 762 1926 ratione
782 1895 937 1935 duplicata
951 1896 1015 1926 dia-

183 1939 272 1969 metri
288 1945 318 1969 et
333 1939 488 1978 duplicata
503 1940 619 1969 ratione
634 1938 808 1968 velocitatis.

226 1981 266 2021 (¹)
284 1984 300 1999 '⁶
321 1984 416 2012 Corol.
436 1985 465 2012 2.
492 1981 541 2012 Sic
557 1981 790 2011 demonstratur.
822 1983 838 2001 *
854 1981 887 2011 Si
901 1981 1015 2012 canalis

182 2032 246 2053 non
261 2023 300 2053 sit
314 2024 454 2054 infinitus
468 2031 607 2062 respectu
622 2025 729 2054 baseos
744 2023 874 2063 cylindri
889 2023 1011 2060 inclusi,

183 2072 379 2097 resumantur
398 2077 434 2096 ea
455 2076 526 2106 quae
555 2067 613 2096 sub
635 2065 760 2095 initium
788 2066 899 2096 Theor.
924 2065 1014 2096 istius

185 2108 379 2138 XXXVII.
413 2108 611 2145 dicebantur3
649 2109 748 2146 primo
783 2118 894 2147 nempe
929 2108 1013 2148 quod

183 2149 365 2181 ascendente
380 2150 501 2182 circello
515 2150 548 2180 in
563 2150 660 2180 canali
675 2150 788 2187 clauso,
809 2150 951 2180 velocitas
965 2160 1012 2180 re-

182 2192 275 2223 lativa
300 2203 387 2233 aquae
409 2203 529 2231 semper
550 2193 588 2222 sit
613 2191 651 2222 ad
677 2193 743 2232 ejus
766 2192 954 2223 velocitatem
975 2199 1012 2223 ut

181 2235 261 2265 basis
274 2235 388 2266 canalis
405 2235 435 2266 E
455 2235 480 2266 F
495 2235 533 2265 ad
549 2234 701 2265 annulum
720 2235 749 2265 E
768 2237 792 2265 P
807 2235 869 2265 sive
890 2235 929 2265 ad
951 2234 1011 2265 dif-

181 2277 342 2308 ferentiam
357 2278 542 2309 circulorum
561 2278 590 2307 E
610 2277 636 2307 F
651 2283 682 2307 et
699 2277 726 2307 P
745 2278 777 2313 Q
790 2278 852 2307 sive
866 2284 902 2308 ut
914 2278 943 2307 E
959 2277 1011 2308 F²

182 2320 223 2350 ad
245 2320 276 2350 E
295 2320 321 2350 F
336 2322 352 2339 ²
367 2338 410 2344 —-
427 2320 454 2350 P
479 2320 511 2355 Q
526 2321 561 2356 ²3
585 2326 741 2360 quaeratur
765 2320 860 2360 igitur
881 2319 1012 2350 altitudo

183 2362 202 2392 1
222 2362 248 2392 G
267 2363 336 2393 talis
350 2369 386 2393 ut
400 2362 543 2392 velocitas
558 2362 644 2402 lapsu
660 2372 714 2401 per
729 2372 795 2392 earn
812 2362 958 2402 acquisita
971 2363 1011 2393 sit

181 2403 223 2434 ad
243 2404 434 2435 velocitatem
456 2404 579 2441 circelli‚
607 2410 642 2434 ut
665 2405 695 2434 E
714 2405 741 2435 F
755 2407 770 2423 ²
784 2398 825 2435 hd
848 2405 878 2435 E
897 2405 923 2435 F
938 2407 953 2423 ²
968 2422 1011 2429 —

184 2446 214 2477 P
231 2447 264 2483 Q
274 2449 298 2482 ²,
316 2453 347 2477 et
361 2447 384 2477 si
400 2447 535 2487 fingatur
547 2447 687 2477 circellus
701 2447 847 2477 immotus
861 2447 893 2477 in
908 2447 1011 2478 medio

181 2484 340 2519 foraminis
356 2489 386 2520 E
405 2489 430 2520 F
445 2495 476 2519 et
489 2499 569 2529 aqua
584 2489 695 2519 cadens
709 2500 747 2520 ex
762 2489 925 2520 altitudine
944 2490 957 2519 1
980 2490 1010 2520 G

182 2541 221 2562 ex
236 2542 306 2562 vase
320 2531 508 2571 amplissimo
527 2532 556 2561 A
571 2532 597 2561 B
614 2532 646 2561 D
660 2532 687 2562 B
703 2542 757 2570 per
772 2532 849 2562 illud
861 2532 1008 2567 foramen,

182 2573 256 2604 cum
283 2574 425 2604 velocitas
446 2584 534 2614 aquae
558 2574 648 2613 juxta
677 2574 833 2604 circellum
863 2574 1012 2605 transiens

182 2615 289 2646 eadem
319 2617 358 2647 sit
385 2627 420 2647 ac
445 2616 588 2646 velocitas
616 2618 780 2655 respectiva
808 2627 897 2656 aquae
919 2617 1011 2657 juxta

181 2658 354 2698 cylindrum
376 2659 409 2688 in
431 2657 531 2689 canali
552 2658 656 2688 clauso
678 2665 807 2694 motum,
831 2659 910 2689 actio
923 2669 1011 2699 aquae

181 2700 215 2730 in
230 2700 386 2731 circellum
402 2702 546 2741 utrinque
567 2700 692 2741 aequalis
714 2700 865 2731 censenda
879 2707 933 2738 est,
956 2701 1009 2731 sed

181 2742 260 2772 actio
282 2754 370 2784 aquae
395 2741 457 2773 sive
481 2744 548 2782 ejus
573 2742 694 2781 pondus
715 2742 748 2772 in
777 2742 934 2773 circellum
955 2754 1010 2783 per

184 2785 255 2816 Cor.
290 2789 336 2816 lo.
367 2786 458 2824 Prop.
487 2785 660 2822 XXXVI.
693 2792 738 2816 est
765 2785 805 2816 ad
833 2785 1008 2825 cylindrum

180 2827 269 2867 cujus
293 2829 373 2858 basis
396 2835 442 2858 est
466 2827 607 2858 circellus
636 2827 765 2858 altitudo
789 2828 811 2869 ξ
835 2828 850 2858 Ι
878 2829 907 2859 G
930 2829 1009 2858 sicut

182 2869 212 2898 E
232 2870 286 2899 F2
312 2870 352 2900 ad
376 2870 404 2900 E
424 2870 570 2911 1²²—4
589 2870 615 2900 P
638 2871 710 2906 Q2,
737 2871 802 2900 haec
827 2870 930 2910 itaque
950 2871 1008 2901 erit

180 2912 258 2942 ratio
272 2912 451 2942 resistentiae
466 2912 504 2942 nd
520 2912 643 2951 pondus
657 2912 786 2952 cylindri
808 2912 898 2953 aquei
919 2913 1007 2954 cujus

178 2953 258 2982 basis
273 2962 317 2984 est
331 2954 470 2985 circellus
484 2962 514 2985 et
528 2954 658 2985 altitudo
674 2955 696 2996 ξ
713 2955 726 2985 Ι
744 2956 774 2986 G
787 2967 797 2994 ;
813 2954 866 2986 sed
876 2955 1007 2996 gravitas

179 3001 224 3026 est
240 2996 283 3025 vis
297 3006 366 3035 quae
381 3003 517 3036 tempore
531 3007 594 3037 quo
607 2997 794 3036 percurritur
813 2997 1005 3028 uniformiter

177 3037 383 3077 quadruplum
406 3039 608 3079 longitudinis
630 3039 651 3080 -ξ
673 3040 686 3070 1
707 3040 737 3071 G
751 3040 814 3071 sive
829 3044 848 3071 2
867 3040 883 3070 Ι
902 3040 932 3071 G
954 3050 1005 3070 ve-

179 3080 300 3111 locitate
316 3080 401 3120 lapsu
417 3091 471 3120 per
489 3082 504 3112 1
524 3082 554 3112 G
570 3081 727 3123 acquisita,
744 3092 890 3124 generare
906 3088 1006 3122 potest

1064 1312 1133 1334 eam
1154 1302 1254 1342 ipsam
1276 1301 1478 1340 velocitatem,
1505 1307 1538 1333 et
1556 1302 1680 1342 pondus
1700 1302 1833 1343 cylindri
1854 1309 1902 1335 est

1064 1346 1131 1386 ipsa
1146 1346 1278 1386 gravitas
1299 1355 1353 1384 per
1374 1355 1505 1375 massam
1526 1345 1657 1384 cylindri
1681 1345 1896 1385 multiplicata,

1065 1398 1139 1429 ergo
1153 1387 1276 1427 pondus
1291 1387 1431 1427 cylindri,
1453 1393 1500 1418 est
1513 1386 1559 1416 vis
1572 1397 1642 1428 quae
1655 1386 1732 1417 dum
1747 1388 1900 1426 percurri-

1063 1437 1115 1461 tur
1128 1430 1337 1470 quadruplum
1361 1429 1566 1471 longitudinis
1586 1429 1718 1470 cylindri
1739 1429 1900 1462 velocitate

1062 1473 1151 1512 lapsu
1167 1483 1221 1511 per
1239 1473 1255 1503 Ι
1275 1472 1305 1503 G
1320 1471 1477 1513 acquisita,
1501 1481 1648 1513 generare
1661 1477 1762 1512 potest
1774 1477 1898 1504 motum

1064 1516 1132 1556 ejus
1145 1515 1274 1555 cylindri
1290 1513 1326 1545 ea
1340 1514 1499 1545 velocitate
1512 1514 1600 1545 moti.

1108 1556 1191 1589 cnm
1206 1556 1278 1588 vero
1292 1557 1430 1588 celeritas
1451 1567 1521 1598 quae
1535 1557 1624 1596 lapsu
1638 1567 1692 1597 per
1708 1557 1727 1588 I
1746 1557 1778 1589 G
1791 1557 1897 1599 acqui-

1062 1600 1140 1631 ritur
1154 1600 1193 1630 sit
1207 1600 1246 1630 ad
1261 1610 1329 1630 eam
1344 1610 1415 1630 cum
1431 1598 1494 1639 qua
1514 1599 1673 1640 cylindrus
1693 1606 1837 1631 movetur
1859 1605 1898 1631 ut

1063 1643 1093 1673 E
1112 1642 1223 1673 F²ad
1242 1643 1270 1673 E
1289 1642 1405 1673 F2—
1422 1642 1448 1672 P
1466 1643 1540 1678 Q2.
1590 1642 1896 1682 Quadruplumlon-

1060 1684 1211 1726 gitudinis
1227 1684 1357 1725 cylindri
1371 1683 1495 1724 propria
1509 1683 1567 1715 sua
1577 1684 1732 1716 eeleritate
1740 1684 1804 1715 alio
1814 1690 1895 1716 tem-

1059 1738 1132 1767 pore
1147 1735 1302 1767 percurret
1316 1726 1410 1768 quam
1425 1727 1451 1757 si
1464 1733 1625 1758 moveatur
1637 1727 1791 1758 celeritate
1804 1727 1895 1768 lapsu

1059 1766 1147 1808 per'I
1171 1770 1202 1801 G
1217 1769 1375 1810 acquisita.
1425 1769 1566 1800 Gravitas
1585 1779 1660 1810 ergo
1673 1769 1814 1809 cylindri,
1837 1769 1895 1801 orit

1059 1812 1100 1842 ad
1122 1822 1191 1842 eam
1219 1812 1283 1841 vim
1305 1811 1368 1852 quii
1392 1811 1525 1851 cylindri
1552 1811 1696 1842 velocitas
1723 1811 1894 1852 acquiritur

1059 1860 1198 1893 tempore
1212 1863 1274 1894 quo
1288 1853 1497 1894 quadruplum
1511 1853 1715 1894 longitudinis
1735 1863 1800 1884 suae
1821 1864 1893 1893 pro-

1058 1894 1127 1935 pria
1141 1895 1197 1926 sua
1215 1896 1370 1926 celeritate
1392 1895 1582 1932 describitur,
1605 1894 1720 1926 directe
1733 1901 1770 1926 ut
1783 1896 1892 1928 celeri-
1941 1922 1944 1924 .

1057 1944 1135 1969 tates
1155 1948 1226 1979 quae
1246 1938 1284 1968 iis
1304 1937 1420 1968 viribus
1439 1937 1643 1978 acquiruntur
1663 1944 1695 1968 et
1715 1937 1835 1970 invene
1855 1944 1893 1971 ut

1057 1987 1194 2020 tempora
1208 1980 1320 2021 quibus
1334 1979 1545 2021 acquiruntur,
1561 1990 1631 2020 quae
1645 1985 1785 2019 tempora
1796 1982 1887 2023 (cum

1057 2029 1166 2063 agatur
1180 2022 1219 2053 de
1233 2022 1432 2053 describendo
1445 2021 1641 2052 uniformiter
1662 2022 1771 2054 eodem
1861 2023 1870 2032 “

1055 2064 1228 2105 quadruplo
1242 2075 1354 2104 nempe
1367 2064 1571 2106 longitudinis
1585 2064 1731 2106 cylindri)
1753 2071 1827 2097 sunt
1840 2065 1890 2097 in·

1055 2106 1139 2137 verse
1154 2113 1191 2138 ut
1206 2106 1388 2144 velocitates,
1411 2106 1542 2148 ideoque
1558 2106 1683 2146 pondus
1696 2106 1829 2148 cylindri
1842 2114 1891 2140 cst

1056 2149 1095 2180 ad
1110 2149 1173 2179 vim
1187 2149 1249 2190 qua
1263 2149 1330 2190 ejus
1345 2149 1476 2189 cylindri
1496 2155 1600 2180 motus
1621 2149 1790 2191 acquiritur
1809 2157 1889 2182 tem-

1054 2201 1131 2232 pore
1145 2202 1208 2233 quo
1226 2191 1435 2233 quadruplum
1456 2191 1660 2233 longitudinis
1680 2202 1747 2224 suto
1765 2192 1891 2234 propri&

1055 2234 1112 2274 sua⁴
1126 2234 1280 2266 celeritate
1301 2234 1483 2266 describitur
1503 2235 1549 2265 bis
1570 2233 1686 2266 directe
1699 2241 1736 2266 ut
1749 2235 1890 2268 celerius

1054 2277 1143 2316 lapsu
1158 2287 1212 2316 per
1229 2278 1245 2307 Ι
1265 2277 1296 2308 G
1311 2276 1525 2318 acquisimad
1539 2276 1727 2308 celeritatem
1743 2277 1886 2319 cylindri,

1054 2318 1459 2357 sivebisutEF²,adE
1478 2319 1728 2356 F2—1’Q2.

1098 2363 1186 2405 Ergo
1201 2372 1238 2392 ex
1253 2371 1343 2402 aequo
1353 2360 1521 2394 resistentia
1535 2367 1581 2392 est
1594 2361 1634 2392 ad
1647 2371 1716 2392 eam
1730 2361 1792 2394 vim
1806 2362 1888 2394 sicut

1055 2405 1085 2435 Ε
1104 2404 1262 2435 F²adE
1281 2403 1756 2445 F2-4PQ2etbisutE
1774 2405 1882 2437 lund

1055 2447 1086 2477 E
1105 2447 1217 2477 1⁴¹²-
1237 2446 1265 2477 P
1283 2447 1351 2483 Q2.
1393 2446 1448 2484 At,
1465 2445 1886 2479 necraeistentianeceavis

1054 2495 1215 2520 mutantur
1229 2488 1424 2530 longitudine
1439 2488 1569 2529 cylindri
1590 2494 1717 2525 mutata.
1739 2489 1794 2520 sed
1815 2496 1885 2521 tan·

1053 2537 1122 2562 tum
1147 2531 1296 2563 densitate
1320 2530 1441 2562 mutata
1461 2536 1498 2562 ut
1517 2541 1556 2562 ex
1577 2530 1643 2571 ipsa
1663 2531 1888 2572 Propositionis

1054 2573 1312 2606 demonstratione
1333 2573 1438 2614 liquet,
1462 2579 1508 2604 est
1526 2573 1692 2604 autemcvis
1704 2574 1768 2615 qua
1781 2580 1886 2607 motus

1053 2617 1086 2646 in
1101 2611 1240 2657 cylindro
1253 2625 1350 2657 aquen
1371 2621 1544 2656 generatur,
1569 2615 1642 2646 dato
1662 2622 1800 2656 tempore
1819 2626 1884 2659 quo
1920 2631 1922 2633 >

1054 2659 1261 2699 quadruplum
1276 2668 1340 2689 suae
1353 2657 1557 2699 longitudinis
1570 2657 1627 2688 suti
1641 2668 1714 2689 cum
1725 2659 1886 2692 velocitas

1053 2701 1211 2741 percurrit,
1241 2700 1279 2732 ad
1305 2699 1374 2731 eam
1399 2700 1461 2730 vim
1489 2710 1551 2740 qua
1577 2707 1682 2732 motus
1710 2701 1744 2732 in
1771 2701 1886 2744 equali

1054 2743 1202 2784 cylindro,
1225 2742 1279 2774 sed
1299 2743 1424 2774 diversae
1438 2741 1595 2773 densitatis
1609 2743 1721 2784 aequali
1735 2754 1810 2776 cum
1829 2754 1884 2776 vo-

1052 2786 1174 2817 locitate
1187 2793 1283 2823 moto,
1299 2784 1408 2816 eodem
1418 2790 1556 2824 tempore
1570 2792 1744 2826 generatur,
1759 2793 1797 2818 ut
1805 2786 1885 2819 den-

1051 2829 1123 2859 sitas
1148 2839 1238 2869 aquae
1258 2827 1322 2858 sive
1345 2827 1449 2863 medii,
1474 2827 1512 2858 ad
1535 2827 1717 2859 densitatem
1739 2828 1882 2870 cylindri,

1051 2881 1125 2911 ergo
1139 2870 1264 2902 tandem
1279 2869 1449 2900 resistentia
1462 2875 1508 2900 est
1522 2871 1561 2900 ad
1575 2871 1639 2901 vim
1652 2869 1716 2912 qua
1729 2872 1880 2903 mottuin

1050 2913 1190 2952 cylindro
1214 2911 1353 2954 generari
1377 2911 1426 2942 vel
1447 2912 1515 2942 tolli
1537 2919 1636 2951 potest
1661 2923 1724 2953 quo
1745 2920 1884 2954 tempore

1049 2955 1258 2996 quadruplum
1282 2965 1347 2986 suae
1367 2954 1570 2995 longitudinis
1591 2955 1714 2995 proprii
1732 2966 1805 2987 cum
1825 2966 1878 2987 ve·

1048 2998 1169 3028 locitate
1183 2997 1333 3033 describit.
1348 3002 1384 3028 ut
1402 2997 1429 3028 E
1447 2997 1471 3027 F
1483 2999 1498 3015 ²
1513 2998 1552 3028 ad
1570 2998 1599 3028 E
1618 2998 1755 3040 F2-2}
1773 2998 1801 3030 P
1818 2998 1876 3035 Q²

1049 3047 1080 3071 et
1094 3041 1187 3071 bisut
1203 3038 1350 3071 EF²ad
1368 3039 1396 3069 E
1418 3039 1469 3069 F²
1485 3040 1635 3076 —PQ2
1650 3039 1879 3072 etutdensitas

1049 3082 1142 3114 medii
1157 3082 1196 3114 ad
1211 3081 1390 3114 densitatem
1407 3081 1547 3121 cylindri.
1601 3083 1641 3119 Q.
1661 3093 1687 3113 e.
1706 3082 1736 3113 d.
