2066 3548
168 266 317 309 Lmen
334 265 551 316 smum]
596 263 914 307 PRINCIPrA
946 238 1437 306 MATHEMATICA.
1793 273 1867 310 181

168 381 267 422 tiam
299 379 542 422 resistentiae
577 379 704 421 totius
734 378 905 419 minoris
934 377 1129 433 penduli3
1167 384 1209 418 et
1227 377 1324 418 inde
1344 377 1470 419 didici
1491 378 1604 433 quod
1632 380 1876 422 resistentiae

165 452 401 509 globorum,
424 451 591 507 demptfi
612 451 672 492 fili
690 449 932 500 resistentis,
955 457 1052 491 sunt
1071 432 1196 505 iluam
1215 449 1405 505 proxime
1424 451 1468 492 in
1487 450 1695 506 duplicat&
1717 453 1875 495 ratione

164 522 472 564 diametrorum.
534 522 644 563 Nam
677 521 783 562 ratio
816 523 867 573 73¹3
888 545 946 553 -
965 523 988 573 ὲ
1009 520 1104 561 adl
1131 545 1188 553 —
1208 524 1245 573 ἑ,
1283 536 1356 562 seu
1386 524 1464 574 1οὲ
1496 521 1550 563 ad
1579 528 1599 563 1
1634 536 1720 563 non
1749 522 1874 579 longe

162 596 279 637 abest
298 593 324 637 Ξι
342 596 637 638 diametrorum
655 586 814 636 ratione
835 594 1042 649 duplicata
1065 599 1082 634 1
1094 593 1170 645 l-JL}
1191 593 1244 634 ad
1269 599 1305 635 1.

220 664 329 708 Cfim
363 666 595 708 resistentia
622 665 683 706 fili
711 665 756 705 in
784 664 919 722 globis
949 665 1172 720 majoribus
1190 663 1362 704 minoris
1392 664 1443 705 sit
1470 666 1684 716 momenti,
1717 667 1871 707 tentavi

160 736 284 778 etiam
314 737 642 792 experimentum
662 737 704 777 in
724 735 851 794 globo
877 737 993 792 cujus
1022 736 1221 778 diameter
1240 743 1328 777 erat
1350 736 1429 786 18}
1457 736 1694 793 digitorum.
1712 734 1721 742 ’
1756 737 1871 780 Lon-

157 807 305 863 gitudo
336 807 509 862 penduli
542 808 651 849 inter
676 815 878 862 punctum
911 807 1188 862 suspensionis
1209 815 1250 848 et
1270 814 1459 861 centrum
1488 807 1753 849 oscillationis
1783 818 1871 850 erat

157 877 381 935 digitorum
415 881 538 932 1222„
575 879 683 919 inter
707 887 908 932 punctum
941 878 1222 932 suspensionis
1241 886 1282 919 et
1301 877 1458 919 nodum
1477 878 1521 919 in
1542 877 1619 919 filo
1645 882 1753 932 1093}
1782 879 1867 936 dig.

156 949 292 990 Arcus
312 949 449 1004 primo
469 948 641 1004 penduli
661 948 864 990 descensu
881 963 906 989 a
923 948 1036 989 nodo
1066 949 1296 1004 descriptus
1317 953 1370 990 32
1391 949 1478 1008 dig.
1529 950 1666 990 Arcus
1696 965 1867 992 ascensu

155 1021 301 1062 ultimo
319 1022 417 1076 post'
435 1021 710 1063 oscillationes
731 1021 911 1077 quinque
931 1022 985 1063 ab
1004 1021 1149 1063 eodem
1170 1022 1284 1063 nodo
1303 1022 1534 1078 descriptus
1556 1028 1609 1065 28
1625 1023 1710 1080 dig.
1744 1024 1867 1066 Sum-

155 1105 223 1132 ma
242 1106 412 1132 arcuum
433 1106 506 1133 seu
526 1106 646 1136 arcus
667 1099 778 1132 totus
798 1091 1054 1133 oscillatione
1082 1091 1283 1133 mediocri
1313 1092 1544 1148 descriptus
1565 1099 1620 1135 60
1641 1093 1725 1150 dig.
1771 1093 1866 1136 Dif-

154 1161 330 1203 ferentia
349 1176 520 1204 arcuum
540 1168 566 1203 4
587 1162 671 1218 dig.
734 1162 785 1217 (¹2)
809 1162 911 1218 Ejus
932 1177 1029 1217 pars
1049 1162 1210 1204 decima
1229 1177 1301 1204 seu
1321 1163 1554 1205 differentia
1572 1164 1680 1206 inter
1694 1165 1865 1206 descen-

153 1247 246 1274 sum
265 1242 307 1274 et
326 1247 541 1274 ascensum
554 1233 596 1273 in
611 1232 866 1274 oscillatione
880 1233 1078 1274 mediocri
1097 1235 1120 1287 ξ
1143 1233 1226 1290 dig.
1273 1234 1335 1276 Ut
1350 1234 1488 1275 radius
1509 1238 1616 1288 1092}
1633 1235 1685 1276 ad
1701 1235 1864 1277 radium

155 1307 277 1357 1223,
313 1303 371 1345 ita
390 1318 508 1345 arcus
528 1311 640 1345 totus
661 1310 716 1346 60
737 1303 822 1361 dig.
852 1304 1107 1345 oscillatione
1140 1304 1341 1346 mediocri
1361 1320 1385 1345 a
1404 1304 1517 1346 nodo
1550 1305 1781 1360 descriptus
1811 1307 1864 1347 ad

150 1390 292 1417 arcum
312 1383 446 1417 totum
466 1380 520 1420 67
525 1376 547 1427 ὲ
569 1376 653 1433 dig.
675 1376 927 1418 oscillatione
946 1377 1145 1417 mediocri
1165 1392 1191 1417 a
1211 1385 1353 1418 centro
1372 1377 1487 1434 globi
1516 1378 1765 1433 descriptum
1780 1395 1791 1428 ;
1824 1388 1864 1420 et

149 1446 207 1487 ita
226 1446 456 1487 differentia
474 1445 501 1498 Ξ
515 1445 569 1487 ad
588 1446 861 1488 differentiam
879 1461 1030 1488 novam
1049 1454 1090 1497 Ο,
1113 1451 1239 1491 4475.
1300 1447 1347 1502 (⁰)
1373 1448 1417 1489 Si
1435 1447 1655 1504 longitudo
1674 1449 1859 1503 penduli,

148 1598 240 1628 supra
253 1588 378 1620 inventa
391 1589 430 1619 sit
443 1589 614 1620 resistentia
627 1588 789 1619 uniformis
803 1589 842 1619 ad
858 1589 979 1628 pondus
1024 1588 1136 1628 partim
1151 1588 1318 1629 velocitatis
1332 1589 1480 1630 quadrato
1501 1590 1746 1630 proportionalis,
1769 1591 1857 1622 resis-

146 1631 232 1672 globi
246 1631 342 1671 lignei
353 1637 390 1661 ut
406 1635 420 1662 l
438 1631 478 1662 ad
494 1635 627 1666 755294,
644 1630 795 1662 subducta
808 1631 980 1662 resistentie.
1021 1632 1116 1662 tentia
1131 1632 1214 1672 globi
1230 1632 1325 1672 lignei
1341 1633 1496 1662 invenitur
1506 1642 1572 1662 esse
1584 1633 1623 1663 ad
1634 1633 1771 1674 ejusdem
1781 1644 1857 1673 pon-

147 1673 203 1711 ffli,
218 1673 275 1704 ‘fit
285 1673 449 1704 uniformis
463 1673 631 1704 mlsoemia
644 1674 729 1714 gl⁰bi
741 1674 836 1714 lignei
847 1674 885 1704 ad
897 1675 979 1716 ejus·
1023 1684 1083 1714 dns
1098 1675 1194 1726 57372-
1208 1684 1326 1713 unciar.
1349 1684 1441 1714 Rom.
1461 1684 1494 1713 in
1508 1685 1627 1714 ratione
1645 1688 1656 1715 1
1676 1685 1715 1715 ad
1731 1689 1858 1716 450000

146 1727 219 1758 dem
233 1727 355 1767 pondus
369 1728 486 1758 uncins.
506 1729 598 1759 Rom.
614 1717 710 1769 573272·
723 1734 760 1758 ut
774 1731 787 1758 1
802 1727 842 1758 ad
854 1731 979 1759 760000

146 1770 274 1800 circiter.
324 1770 509 1806 Quaeramus
530 1780 615 1801 nunc
635 1770 836 1800 resistentiam
858 1770 978 1800 unifor-

146 1822 230 1842 mem
262 1812 346 1853 globi
377 1813 515 1852 plumbei
543 1813 577 1843 in
607 1812 720 1843 ultimo
755 1813 973 1851 experimento.

147 1854 320 1886 Mediocres
341 1865 471 1886 arcuum
493 1855 674 1886 differentiae
695 1854 729 1884 in
750 1855 850 1894 primii
871 1854 977 1886 rabuli

144 1928 277 1962 mmptae
290 1928 363 1953 sunt
373 1922 475 1954 incas.
492 1927 518 1954 1.
532 1927 561 1954 2.
574 1929 604 1954 et
614 1927 645 1954 3.
797 1900 808 1927 ¹
924 1901 937 1927 1

664 1941 753 1979 ιῖὦΐ
772 1932 883 1981 ffiet,
899 1941 973 1981 3—86’

145 1990 320 2030 respective.
363 1991 450 2022 Loco
466 1991 509 2028 V,
534 1991 567 2021 in
592 1992 762 2032 quantitate
789 1993 819 2022 A
835 1992 878 2034 -1-
895 1993 924 2022 Β
942 1993 972 2022 V

146 2032 190 2074 -Ι-
210 2033 237 2063 C
253 2033 284 2062 V
297 2035 325 2069 ²,
341 2033 511 2063 scribantur
525 2032 692 2064 successive
704 2034 826 2063 numeri
844 2039 869 2069 l,
888 2038 918 2070 2,
942 2039 973 2065 et

145 2078 175 2110 4,
200 2080 232 2106 et
253 2075 421 2114 prodibunt
449 2075 635 2115 aequationes
659 2077 690 2105 A
707 2076 750 2117 -{-
770 2077 798 2106 Β
815 2076 858 2118 -Ι-
878 2077 904 2107 C
925 2089 972 2106 =

146 2120 764 2201 ιῇφ-ρ-εΒ-ι-ιιοπῇϊει
815 2143 974 2185 A÷4B

263 2211 265 2213 ’
423 2213 436 2240 l

145 2236 188 2280 -Ι-
216 2240 255 2268 16
281 2237 307 2267 C
331 2249 474 2295 τεῇ-6,
505 2246 542 2266 ex
571 2236 683 2277 quibus
709 2238 839 2268 habetur
869 2237 899 2267 A
927 2250 1018 2267 =.

141 2305 369 2342 Qoe01455,B
377 2318 423 2334 =
432 2310 462 2341 Ο,
470 2308 628 2342 0004076,
638 2311 670 2336 et
680 2306 706 2336 C
718 2319 763 2334 =
774 2310 805 2343 O,
813 2308 970 2338 0000679.

144 2347 239 2380 Unde
258 2348 428 2379 resistentia
449 2347 613 2378 uniformis
633 2354 679 2378 est
693 2347 733 2378 ad
747 2349 868 2387 pondus
889 2349 973 2389 globi

141 2390 259 2422 unciar.
277 2387 370 2421 Rdm.
387 2390 449 2433 26}
459 2397 495 2420 ut
505 2389 526 2431 ἦ
541 2390 571 2420 Α
583 2400 636 2420 seu
647 2394 678 2426 o,
691 2394 839 2422 0000728
850 2392 890 2422 ad
903 2395 970 2427 121,

142 2433 176 2464 id
189 2439 243 2468 est,
260 2439 298 2464 ut
312 2436 325 2463 1
344 2431 385 2463 ad
402 2436 557 2464 1662088.
603 2432 678 2464 Jam
692 2433 763 2463 vero
778 2433 851 2464 cum
865 2434 898 2464 in
913 2436 971 2464 boc

95 2472 99 2501 ἶ
142 2475 350 2516 experimento
374 2474 414 2506 sit
439 2475 471 2506 A
488 2476 514 2506 C
528 2488 575 2504 =
593 2478 652 2506 126
674 2475 762 2517 digit.
789 2477 818 2508 B
837 2477 863 2508 C
877 2481 970 2514 =1,

145 2543 177 2573 A
194 2543 224 2574 B
237 2555 283 2573 =
301 2544 371 2583 125,
393 2543 419 2574 si
440 2549 573 2583 ponatur
596 2543 628 2574 R
640 2556 687 2573 =
701 2522 766 2602 ἐξ)
778 2544 867 2585 digit.
885 2545 970 2576 inve-

142 2611 228 2642 nitur
250 2612 413 2643 uniformis
439 2611 610 2642 resistentia
637 2612 683 2642 fili
707 2613 747 2644 ad
770 2613 970 2644 resistentiam

141 2653 328 2684 uniformem
341 2654 425 2695 globi
440 2660 476 2684 ut
493 2657 594 2686 15625
605 2654 645 2686 ad
655 2660 769 2693 39600,
784 2656 848 2686 sive
861 2655 924 2687 fere
937 2663 972 2687 ut

143 2700 164 2726 2
178 2695 220 2727 ad
233 2698 253 2728 5
262 2705 277 2734 3⁴
295 2703 327 2727 et
339 2696 410 2728 ides>
429 2696 473 2727 fili
495 2697 664 2728 resistentia
685 2699 779 2729 totius
792 2699 970 2729 resistentiae

141 2749 306 2780 uniformis
329 2756 429 2789 partes
453 2750 589 2781 continet
602 2741 638 2792 ξ.
689 2750 795 2787 Quare
808 2751 971 2782 uniformis

142 2791 313 2822 resistentia
325 2791 408 2833 globi
424 2792 562 2833 plumbei
576 2799 622 2823 est
635 2793 675 2824 ad
690 2795 756 2834 ejus
769 2794 891 2833 pondus
911 2805 971 2825 un-

143 2834 215 2865 ciar.
236 2834 330 2864 Rom.
342 2833 404 2876 26}
415 2841 451 2864 ut
464 2838 478 2864 1
492 2835 532 2866 ad
548 2839 693 2867 2326925
708 2837 846 2874 circiter;
861 2838 971 2867 ethinc

141 2875 308 2907 uniformis
321 2876 489 2907 resistentia
502 2877 585 2918 globi
601 2878 738 2917 plumbei
753 2879 843 2919 cujus
855 2879 971 2910 (118ωο-

142 2924 246 2950 teroet
259 2918 348 2959 digit.
373 2923 405 2955 2,
427 2926 473 2950 est
492 2920 533 2950 nd
546 2917 748 2951 resistentiam
770 2921 855 2962 globi
876 2922 973 2963 lignei

142 2962 330 2993 uniformem
351 2962 442 3002 cujus
460 2961 608 2993 dimeter
628 2968 674 2994 est
693 2963 782 3004 digit.
801 2963 843 3006 δέ-
859 2971 896 2996 ut
909 2965 973 3007 26}

145 3019 180 3052 χ
198 3017 325 3046 760000
349 3013 388 3044 ad
411 3005 506 3056 57ἕῖ
533 3019 566 3052 χ
595 3019 751 3053 2326925,
776 3017 835 3047 hoc
859 3023 914 3055 est,
935 3024 973 3048 ut

145 3059 313 3089 19950000
326 3056 366 3087 ad
383 3060 569 3089 183374995
583 3058 646 3089 siv&
659 3065 696 3089 ut
711 3062 724 3089 l
744 3058 784 3089 nd
799 3063 828 3096 6,
841 3063 914 3092 685.

145 3132 150 3140 Α
187 3098 306 3130 Verum
322 3099 347 3130 si
357 3104 489 3139 ponatur
498 3100 666 3132 resistentia
677 3103 787 3142 partim
800 3102 971 3138 uniformis.

1020 1727 1148 1763 circiter,
1165 1735 1195 1756 et
1210 1726 1380 1756 resistentia
1395 1726 1560 1756 uniformis
1573 1727 1657 1768 globi
1669 1728 1806 1766 plumbei
1816 1728 1870 1758 ad'

1021 1769 1087 1809 ejus
1102 1768 1224 1808 pondus
1239 1767 1300 1810 2614
1315 1768 1431 1798 unciar.
1451 1768 1484 1797 in
1499 1769 1616 1799 ratione
1634 1773 1660 1806 l,
1677 1769 1716 1799 ad
1730 1773 1856 1802 910900

1020 1811 1220 1850 pertabulam
1230 1810 1361 1849 primam
1372 1822 1382 1848 ;
1399 1817 1430 1840 et
1440 1811 1472 1840 in
1484 1811 1602 1841 ratione
1617 1815 1644 1848 1,
1655 1812 1695 1842 ad
1710 1815 1854 1844 1021097

1018 1864 1074 1892 per
1087 1853 1224 1884 tabulam
1239 1853 1405 1883 secundam
1420 1853 1522 1884 ultimi
1533 1853 1753 1892 experimenti;
1769 1854 1856 1886 unde

1019 1895 1142 1934 sumptz‘i
1167 1895 1312 1924 mediocri
1338 1895 1464 1932 ratione,
1492 1889 1664 1926 resistentia
1688 1897 1853 1927 uniformis

1020 1938 1105 1978 globi
1120 1938 1257 1977 plumbei
1271 1944 1317 1968 est
1331 1937 1371 1967 ad
1385 1937 1507 1976 pondus
1522 1938 1582 1979 2ὅῇ
1597 1938 1714 1968 unciar.
1732 1946 1769 1969 ut
1783 1943 1795 1969 1
1813 1939 1853 1970 ad

1019 1984 1145 2012 966000
1160 1979 1286 2010 circiter.
1325 1980 1370 2010 Et
1383 1979 1465 2016 ideo,
1483 1980 1515 2009 in
1529 1980 1587 2010 hic
1601 1981 1782 2011 resistentiae
1795 1983 1852 2021 hy.

1015 2023 1142 2062 pothesi,
1159 2022 1325 2052 uniformis
1338 2022 1508 2053 resistentia
1519 2023 1604 2062 globi
1615 2023 1751 2062 plumbei
1763 2024 1852 2064 cujus

1015 2070 1060 2094 est
1075 2065 1223 2094 diameter
1243 2064 1329 2104 digit.
1346 2068 1375 2100 2,
1399 2071 1446 2094 est
1460 2065 1500 2095 ad
1514 2065 1716 2095 resistentiam
1731 2066 1851 2096 unifor-

1015 2116 1098 2136 mem
1114 2106 1198 2147 globi
1213 2106 1308 2146 lignei
1320 2107 1410 2146 cujus
1423 2106 1572 2137 diameter
1582 2114 1628 2137 est
1642 2107 1730 2148 digit.
1746 2108 1802 2149 δὲ,
1814 2115 1851 2138 ut

1017 2159 1080 2201 26}
1096 2163 1129 2196 ><
1143 2162 1275 2197 >450000
1288 2158 1328 2189 ad
1343 2149 1437 2200 5⁷2⁷?
1454 2163 1488 2197 ><
1507 2163 1633 2191 966000
1647 2171 1702 2191 seu
1718 2167 1753 2192 ut
1765 2166 1793 2199 1,
1810 2162 1850 2192 ad

1016 2204 1123 2239 4‚68⁷‚
1139 2201 1267 2231 circiter.

1060 2243 1104 2284 (Β)
1122 2245 1139 2262 ¹¹
1157 2243 1240 2283 Ejus
1249 2254 1325 2282 pars
1339 2244 1464 2274 decima.
1515 2243 1548 2274 si
1569 2244 1720 2276 osculatio
1741 2256 1778 2276 ex
1800 2245 1849 2276 itu

1016 2291 1047 2316 et
1060 2285 1162 2316 reditu
1175 2285 1314 2324 penduli,
1336 2295 1390 2315 seu
1405 2295 1442 2316 ex
1457 2285 1532 2316 bino
1545 2286 1692 2317 descensu
1713 2288 1849 2329 binoque

1016 2338 1144 2358 ascensu
1172 2333 1384 2366 componatur,
1414 2327 1552 2368 quinque
1580 2329 1783 2368 oscillationes
1804 2330 1847 2362 sic

1015 2376 1148 2409 acceptae
1159 2369 1342 2410 aequivalent
1350 2370 1590 2401 osculationibus
1600 2371 1707 2401 decem
1716 2382 1847 2412 quarum

1015 2412 1146 2453 singulae
1160 2423 1196 2443 ex
1212 2422 1278 2442 uno
1287 2411 1410 2443 tantum
1424 2412 1572 2444 descensu
1582 2423 1706 2454 unoque
1720 2425 1846 2445 ascensu

1013 2461 1163 2486 constant.
1212 2455 1320 2485 Priore
1333 2454 1558 2496 significatione
1571 2456 1744 2487 Newtonus
1757 2457 1846 2488 oscil-

1013 2497 1142 2528 lationes
1150 2498 1296 2538 quinque,
1307 2497 1346 2528 de
1354 2498 1467 2538 quibus
1480 2498 1532 2528 hic
1541 2498 1686 2538 loquitur,
1696 2500 1846 2539 accepisse

1013 2540 1144 2577 videtur,
1170 2546 1208 2570 ut
1228 2539 1300 2578 pote
1321 2541 1374 2580 qui
1389 2539 1595 2570 differentiam
1612 2544 1632 2570 4
1646 2541 1734 2582 digit.
1790 2553 1848 2584 per

1012 2592 1100 2612 num.
1107 2582 1260 2613 lodividit
1268 2589 1304 2613 ut
1314 2582 1518 2613 differentiam
1527 2583 1663 2613 inveniat
1672 2584 1750 2614 inter
1757 2594 1846 2616 arcus

1013 2624 1161 2655 descensu
1183 2635 1248 2654 uno
1262 2632 1293 2656 et
1307 2627 1511 2665 subsequente
1532 2635 1658 2656 ascensu
1681 2625 1846 2667 descriptos

1012 2666 1046 2696 in
1069 2667 1134 2698 unii
1155 2667 1302 2698 mediocri
1327 2667 1518 2698 oscillatione
1541 2678 1579 2698 ex
1604 2667 1752 2700 descensu
1781 2679 1846 2700 uno

1013 2719 1139 2750 unoque
1153 2720 1280 2741 ascensu
1295 2708 1472 2749 composita.

1056 2763 1101 2805 (⁰)
1119 2766 1137 2783 *
1151 2766 1184 2794 Si
1197 2765 1354 2804 longitudo
1360 2765 1499 2803 penduli,
1515 2763 1547 2793 in
1563 2763 1666 2794 medio
1681 2774 1743 2795 non
1757 2765 1846 2797 resis-

1011 2812 1097 2837 tente
1118 2812 1283 2845 augeretur
1296 2808 1331 2837 in
1344 2809 1460 2837 ratione
1478 2809 1538 2836 126
1551 2808 1592 2837 ad
1610 2807 1700 2848 122&
1727 2814 1846 2848 tempus

1013 2850 1215 2885 ost-illationis,
1230 2850 1270 2878 ob
1281 2848 1384 2879 datam
1394 2848 1477 2889 globi
1495 2848 1701 2887 fuuependuli
1712 2860 1845 2882 massam

1013 2897 1045 2921 et
1059 2891 1191 2930 pondus,
1213 2897 1377 2930 augeretur
1390 2893 1425 2921 in
1439 2893 1555 2922 ratione
1570 2890 1621 2922 iud
1635 2893 1845 2933 subdupuimtd

1014 2935 1086 3007 gpgr
1103 2935 1174 2964 Cor.
1192 2937 1223 2964 6.
1244 2934 1338 2972 Prop.
1357 2933 1510 2973 XXIV.)
1525 2934 1610 2974 quod
1623 2935 1717 2965 etiam
1730 2936 1765 2966 in
1778 2946 1844 2967 me·

1038 2977 1045 2982 '
1082 2976 1239 3006 resistente
1253 2986 1359 3006 verum
1371 2982 1417 3006 est
1429 2986 1523 3016 quam
1539 2976 1679 3016 proxime
1693 2977 1796 3019 (180).

1059 3021 1076 3038 ὓ
1089 3017 1216 3049 Mutata
1229 3017 1423 3059 longitudine
1436 3018 1565 3058 penduli
1579 3025 1610 3050 et
1623 3027 1767 3051 manente
1775 3022 1843 3051 lon-

1015 3061 1157 3101 gitudine
1182 3060 1272 3091 arcus
1296 3060 1448 3100 descripti,
1478 3061 1622 3092 velocitas
1645 3063 1773 3102 penduli
1797 3063 1843 3093 di-

1015 3104 1174 3134 minuetur
1201 3103 1234 3134 in
1262 3103 1380 3134 ratione
1405 3103 1618 3144 subduplicatfi
1641 3105 1844 3147 longitudinis

970 3159 1045 3190 1113
