2066 3548
222 246 305 283 222

632 235 1082 284 PHILOSOPHI'AE
1114 237 1475 281 NATURALIS

1563 234 1708 289 {Hor-
1724 239 1924 284 Conon.

225 354 265 395 A
287 353 324 395 B
344 353 398 395 ad
417 339 628 395 summam·
650 352 903 395 circulorum
927 350 973 394 A
990 349 1028 394 B
1047 357 1097 394 et
1111 349 1152 392 E
1171 349 1207 392 F
1239 348 1292 404 θ’)
1310 348 1378 390 vel
1394 364 1610 393 excessum
1639 349 1756 405 dupli
1784 351 1925 394 circuli

223 426 263 468 A
285 425 323 467 B
343 440 468 481 supra
485 426 678 467 fundum.

282 485 482 528 Mu.
538 483 590 525 Si
611 483 658 523 in-

682 480 824 526 modici
841 481 1052 525 foraminis
1075 481 1115 523 E
1136 480 1172 522 F
1190 480 1349 524 locetur
1368 479 1555 524 circellue
1587 479 1624 526 P
1645 480 1689 530 Q
1707 488 1849 526 oentro
1881 462 1925 524 G

222 554 451 612 descriptus
472 565 514 598 et
532 556 737 597 horizonti
764 555 1008 612 parallelus:
1039 552 1204 610 pondus
1224 567 1342 611 aquae
1363 566 1487 608 quam
1509 551 1694 597 circellus
1713 552 1781 596 ille
1802 553 1922 596 susti-

219 635 304 678 net,
336 629 472 682 majus
498 635 560 669 est
586 627 771 682 pondere
790 630 922 667 tertiae
942 625 1071 680 partis

222 697 400 754 cylindri
421 713 540 754 aquae
561 701 676 756 cujus
690 700 799 741 basis
813 708 875 741 est
891 700 1078 743 circellus

220 768 289 811 ille
319 778 361 811 et
390 769 564 812 altitudo
593 779 655 812 est
685 770 726 812 G
749 772 810 815 H.
874 772 936 813 Sit
967 772 1078 814 enim
1114 787 1118 798 ⁴

221 843 259 884 A
276 842 314 884 B
332 842 374 883 N
396 842 431 883 F
452 842 490 884 E
506 842 558 884 M
579 851 783 885 cataracta
801 843 867 885 vel
887 843 1080 884 columna

220 928 340 970 aquae
360 914 544 956 cadentis
565 928 687 956 axem
709 914 866 956 habens
889 914 931 956 G
955 913 1002 954 H
1032 920 1078 954 ut

219 999 358 1041 supra,
395 994 438 1027 et
457 986 666 1044 congelari
685 985 938 1042 intelligatur
967 1000 1077 1040 aqua

218 1057 352 1097 omnis
372 1056 416 1096 in
436 1071 545 1106 vase,
569 1056 620 1111 (P)
643 1064 728 1096 tam
756 1057 800 1098 in
821 1057 992 1099 circuitu
1012 1071 1079 1098 ca-

219 1137 387 1172 taractae
408 1129 532 1186 quam
552 1145 677 1184 supra
706 1129 930 1180 circellum,
962 1130 1078 1185 cujus

217 1202 397 1243 fluiditas
411 1202 464 1243 ad
475 1201 830 1257 promptissimum
845 1209 886 1244 et
913 1201 1078 1244 celerri-

217 1289 332 1316 mum
363 1289 483 1331 aquae
513 1275 758 1318 descensum
788 1260 872 1315 non
901 1273 1077 1330 requiri-

218 1352 301 1386 tur.
363 1345 419 1386 Et
449 1345 503 1386 sit
536 1345 571 1387 P
595 1345 642 1387 H
665 1346 708 1395 Q
741 1345 933 1388 columna
959 1360 1078 1402 aquae

217 1402 343 1472 supra
372 1415 586 1457 circellum
615 1416 843 1473 congelata,
880 1416 1076 1459 verticem

215 1487 371 1529 habens
395 1488 444 1530 H
464 1496 505 1529 et
534 1488 793 1530 altitudinem
824 1487 868 1530 G
891 1488 951 1529 H.
1021 1488 1079 1531 Et

214 1560 326 1617 finge
346 1568 595 1603 cataractam
614 1561 773 1604 hancce
793 1561 980 1616 pondere
1001 1576 1077 1604 suo

214 1638 304 1672 toto
324 1632 470 1673 cadere
491 1640 532 1674 et
550 1647 639 1674 non
659 1633 897 1674 incumbere
916 1632 960 1674 in
982 1632 1018 1674 P
1041 1632 1089 1674 H
1111 1632 1166 1683 Q,
1189 1647 1266 1674 nec
1286 1647 1363 1674 ean

1347 1439 1690 1518 'fificssai
1821 1480 1867 1520 1)

1366 1632 1460 1674 dem
1479 1646 1682 1688 premere,
1705 1631 1777 1675 sed
1793 1630 1922 1674 libere

215 1710 256 1743 et
275 1702 363 1743 sine
381 1702 569 1745 frictione
597 1704 847 1760 praeterlabi,
879 1703 958 1745 nisi
977 1703 1083 1745 forte
1102 1703 1145 1744 in
1166 1703 1258 1759 ipso
1276 1704 1422 1760 glaciei
1443 1703 1595 1744 vertice
1615 1718 1698 1761 quo
1718 1710 1922 1744 cataracta

213 1773 306 1828 ipso
326 1774 501 1816 cadendi
521 1775 637 1816 initio
656 1775 825 1830 incipiat
845 1790 933 1816 esse
954 1790 1064 1816 cava.

215 1854 430 1887 cataractae
462 1846 677 1903 congelata
695 1847 737 1889 A
761 1847 813 1889 Μ
834 1847 871 1888 Ε
895 1848 943 1897 C,
978 1847 1015 1888 B
1037 1848 1080 1889 N

1112 1775 1168 1817 Et
1189 1775 1537 1831 quemadmodum
1557 1784 1664 1830 aqua
1683 1775 1726 1816 in
1746 1775 1921 1818 circuitu

1102 1847 1137 1889 F
1157 1848 1202 1889 D
1232 1862 1416 1889 convexa
1445 1856 1510 1890 est
1536 1847 1580 1890 in
1611 1847 1828 1903 superficie
1856 1847 1921 1889 in-

214 1916 332 1959 terna
364 1918 404 1960 A
426 1917 478 1960 M
500 1917 552 1970 E,
577 1918 614 1961 B
637 1918 677 1960 N
701 1918 737 1961 F
765 1934 907 1962 versus
938 1927 1185 1964 cataractam
1219 1920 1446 1973 cadentem,
1481 1920 1540 1962 sic
1569 1920 1692 1963 etiam
1726 1920 1817 1962 haec
1851 1935 1920 1962 co-

260 2046 304 2089 (0)
321 2049 339 2068 *
364 2048 414 2078 Vel
435 2057 582 2080 excessum
606 2047 692 2088 dupli
715 2049 823 2079 circuli
848 2049 877 2079 Α
895 2051 924 2079 Β
948 2060 1041 2089 supra

211 2091 368 2132 fandum.
418 2089 500 2120 cum
515 2089 651 2120 fundum
667 2091 783 2130 aequale
804 2090 843 2121 sit
864 2091 1043 2122 differentiae

216 2132 400 2162 circulorum
426 2132 456 2162 A
475 2133 502 2162 B
519 2139 549 2163 et
565 2132 595 2162 E
614 2132 650 2169 F,
673 2143 814 2163 excessus
827 2132 914 2172 dupli
936 2134 1043 2164 circuli

219 2175 247 2204 A
267 2175 307 2210 Β,
323 2173 415 2213 supra
430 2174 565 2205 fundum
579 2180 624 2205 est
639 2179 658 2205 2
676 2175 705 2206 A
725 2176 851 2206 B—A
867 2176 951 2218 B÷
966 2176 1044 2212 EF,

216 2226 271 2247 seu
290 2217 319 2246 A
340 2218 367 2246 B
383 2217 425 2258 4
445 2217 474 2247 E
495 2217 529 2248 F.

260 2259 306 2300 (Ρ)
321 2260 338 2279 '¹
354 2261 433 2291 Tam
443 2261 618 2292 incircuitu
630 2266 801 2292 cataractas.
834 2261 1046 2297 Quemadmo-

217 2300 292 2331 dum
308 2301 390 2331 enim
406 2301 498 2341 supra
513 2302 583 2333 ante
597 2313 658 2333 caS.
680 2306 720 2340 1.,
743 2314 823 2342 aqua
840 2304 942 2334 omnis
954 2304 1044 2344 cujus

216 2342 351 2374 fluidius
365 2344 404 2374 ad
418 2346 679 2384 promptissimum
695 2352 726 2376 et
739 2346 932 2376 celerrimum
956 2356 1044 2385 aquae

218 2385 397 2416 descensum
413 2386 556 2427 illiusque
577 2386 725 2418 effluxum
740 2398 794 2426 per
808 2388 945 2419 foramen
969 2388 999 2418 Ε
1018 2388 1045 2418 F

217 2427 335 2458 inutilis
349 2434 421 2464 erat,
439 2429 471 2458 in
486 2429 617 2460 circuitu
632 2437 790 2461 cataracta
803 2431 963 2471 congelata
971 2440 1043 2468 sup-

217 2472 397 2510 ponebatur,
435 2470 528 2511 idque
563 2471 644 2502 recte
678 2472 796 2503 factum
832 2473 1045 2512 experimentis

217 2512 322 2552 postea
342 2519 497 2544 ostensum
520 2519 574 2551 est,
598 2514 641 2544 ita
661 2515 711 2545 hic
726 2515 784 2546 loci
799 2515 957 2555 congelata
972 2525 1043 2553 sup-

218 2555 293 2595 poni
314 2562 412 2595 potest
434 2566 513 2597 aqua
533 2557 635 2587 omnis
649 2557 681 2586 in
697 2568 766 2588 vase
781 2564 844 2588 tam
866 2558 897 2587 in
914 2557 1043 2587 circuitu

219 2604 376 2629 oetaractae
391 2597 483 2638 quam
499 2598 591 2638 supra.
612 2600 780 2637 circellum,
807 2601 896 2641 cujus
910 2599 1044 2629 fluiditas

218 2639 258 2670 ad
272 2641 532 2680 promptissimum
548 2647 578 2672 et
592 2641 784 2671 celerrimum
796 2653 883 2682 aquae
898 2641 1045 2671 effluxum

218 2692 273 2721 per
286 2683 418 2723 spatium
434 2683 581 2714 annulare
599 2684 627 2715 E
644 2683 680 2721 P,
701 2685 734 2720 Q
745 2685 779 2720 F,
793 2695 854 2714 non
867 2684 1044 2723 requiritur-3

219 2731 250 2756 et
263 2725 525 2766 quemadmodum
550 2725 663 2768 glacies
685 2726 716 2756 in
739 2727 867 2757 circuitu
890 2732 1047 2757 cataracta>

219 2768 393 2804 constituta,
413 2769 438 2799 C
457 2769 486 2799 E
504 2769 542 2799 M
561 2769 602 2804 A.
621 2769 652 2799 D
672 2768 697 2799 F
715 2769 747 2799 N
765 2769 792 2799 B
808 2769 998 2809 pertingebat
1007 2769 1046 2799 ad

219 2810 410 2848 superficiem
428 2811 458 2841 A
477 2812 505 2842 B
521 2821 575 2842 seu
591 2811 757 2842 terminum
772 2811 880 2852 glaciei
900 2810 1047 2842 continuo

219 2851 414 2892 liquescentis
431 2853 463 2884 K
483 2854 511 2883 A
533 2854 559 2884 Β
578 2853 615 2890 L,
632 2853 673 2884 ita
688 2865 767 2895 aqua
782 2853 873 2892 supra
888 2853 1044 2883 circellum

220 2895 379 2934 congelata
399 2895 578 2935 producitur
592 2897 630 2926 ad
646 2903 796 2935 punctum
815 2896 858 2929 H.
884 2896 916 2925 in
938 2894 1045 2926 eadem

220 2937 379 2974 superficie
404 2939 432 2968 A
453 2939 480 2969 B
505 2938 657 2978 positum3
684 2946 714 2969 et
736 2939 780 2969 uti
803 2938 914 2978 glacies
935 2940 968 2969 in
988 2940 1045 2969 cir-

221 2980 305 3009 cuitu
327 2987 488 3012 cataractae
515 2992 641 3012 convexa
663 2987 706 3012 est
735 2983 836 3013 vermis
864 2987 1048 3012 cataractam

220 3022 372 3052 cadentem
396 3023 499 3064 (272),
522 3025 564 3054 εἰσ
585 3026 674 3054 ctiam
697 3026 840 3055 columna
854 3034 943 3064 aquoe
956 3023 1048 3063 snprti

221 3064 373 3094 circellum
395 3067 554 3101 congelata:
578 3069 608 3097 P
623 3068 662 3097 H
676 3068 701 3101 Q
724 3078 849 3098 conveoea
869 3067 925 3096 erit
946 3076 1048 3097 versus

220 3110 410 3139 cataractam
421 3109 577 3140 cadentem
588 3110 619 3139 A
630 3111 669 3140 H
678 3111 748 3141 PE
760 3110 807 3147 M,
824 3111 855 3141 Β
867 3110 907 3140 H
916 3110 941 3144 Q
952 3110 986 3141 F
995 3110 1036 3141 N
1036 3123 1047 3145 ι

1087 2052 1104 2070 ⁸
1126 2048 1309 2080 considerari
1335 2049 1417 2079 enim
1442 2055 1540 2088 potest
1560 2049 1626 2080 axis
1649 2049 1685 2081 H
1711 2049 1742 2081 G
1763 2054 1800 2079 ut
1819 2047 1920 2088 parie-

1085 2092 1162 2122 vasis
1184 2092 1273 2132 cujus
1298 2092 1390 2122 sectio
1419 2092 1458 2122 sit
1485 2092 1521 2122 H
1546 2092 1576 2122 G
1600 2092 1628 2123 C
1653 2092 1694 2129 A,
1724 2096 1755 2122 et
1776 2091 1918 2122 foramen

1087 2134 1120 2164 in
1143 2134 1242 2164 fundo
1262 2134 1378 2164 factum
1400 2134 1439 2165 sit
1461 2135 1491 2165 E
1512 2135 1548 2170 P,
1568 2134 1800 2175 qualiscumque
1814 2139 1919 2164 autem

1088 2176 1128 2206 sit
1151 2176 1202 2221 le}
1224 2176 1286 2217 qua
1308 2174 1405 2207 effluit
1426 2187 1505 2217 aqua
1524 2186 1560 2206 ex
1588 2187 1666 2213 vase,
1692 2176 1800 2207 eodem
1825 2175 1917 2206 modo

1089 2229 1151 2258 quo
1164 2219 1281 2249 factum
1303 2225 1349 2249 est
1363 2230 1382 2249 a
1398 2219 1550 2249 Newtono
1564 2219 1596 2248 in
1612 2219 1706 2259 hujus
1727 2218 1917 2249 demonstra-

1089 2261 1179 2291 tionis
1193 2271 1265 2291 casu
1280 2261 1388 2300 primo,
1412 2261 1530 2300 concipi
1554 2267 1652 2300 potest
1666 2266 1815 2291 cataracta
1834 2266 1918 2290 tram

1087 2303 1216 2344 glaciem
1231 2303 1368 2340 effluam,
1383 2303 1526 2334 adhibitis
1535 2303 1736 2333 cautionibus
1750 2302 1814 2333 illic
1828 2308 1916 2332 nota-

1086 2346 1134 2382 tis,
1153 2352 1185 2375 ut
1197 2347 1261 2376 haec
1276 2346 1451 2386 hypothesis
1459 2344 1672 2376 mathematica
1682 2350 1832 2385 congruat
1842 2353 1916 2374 cum

1088 2387 1159 2418 vera
1183 2387 1314 2418 effluxus
1338 2398 1426 2428 aquae
1449 2387 1528 2429 lege,
1555 2387 1710 2428 quatenus
1729 2387 1769 2416 ad
1794 2386 1916 2425 copiam

1087 2440 1175 2470 aquae
1190 2430 1237 2460 effi
1243 2430 1342 2460 uentis
1353 2431 1425 2460 dato
1439 2436 1586 2470 tempore,
1603 2439 1664 2469 quo
1678 2429 1778 2468 posito
1791 2427 1916 2459 evidens

1088 2479 1133 2503 est
1154 2472 1266 2502 lineam
1286 2473 1320 2502 H
1340 2473 1366 2503 P
1381 2482 1547 2503 convexam
1563 2472 1643 2502 sumi
1658 2471 1777 2502 debere.
1827 2469 1915 2506 Qua-
1959 2477 1962 2484 '

1089 2522 1210 2554 propter
1225 2515 1250 2544 si
1264 2524 1303 2544 ex
1317 2515 1438 2553 punctis
1458 2515 1484 2545 P
1498 2521 1529 2544 et
1543 2515 1574 2550 Q
1584 2514 1623 2544 ad
1638 2520 1787 2553 punctum
1806 2512 1840 2543 H
1857 2512 1915 2543 du-

1089 2564 1196 2587 cantur
1207 2556 1296 2587 lineae
1307 2563 1403 2590 rectae,
1416 2567 1486 2597 quae
1496 2567 1567 2587 cum
1580 2555 1728 2587 diametro
1746 2555 1772 2585 P
1781 2554 1917 2591 Qtrian-

1088 2601 1198 2640 gulum
1214 2600 1408 2635 constituant,
1435 2609 1531 2629 conus
1551 2608 1588 2628 ex
1611 2597 1801 2628 revolutione
1821 2597 1916 2637 hujus

1089 2642 1235 2682 trianguli
1249 2640 1328 2672 circa
1341 2651 1429 2671 axem
1445 2642 1478 2671 H
1493 2641 1522 2671 G
1537 2640 1670 2680 genitus,
1685 2645 1769 2670 totus
1778 2639 1917 2670 contine-

1089 2684 1172 2715 bitur
1185 2684 1217 2714 in
1232 2683 1330 2714 solido
1344 2683 1426 2724 quod
1440 2693 1495 2723 per
1508 2683 1687 2713 rotationem
1709 2682 1818 2723 figuroe
1838 2691 1914 2712 eon-

1091 2737 1175 2756 vexae
1190 2726 1217 2757 P
1234 2727 1268 2756 H
1289 2727 1321 2762 Q
1333 2725 1413 2756 circli
1427 2725 1561 2756 eundem
1576 2735 1664 2755 axem
1688 2725 1721 2755 H
1743 2725 1772 2755 G
1787 2733 1916 2765 generan-

1091 2776 1149 2799 tur.
1201 2769 1273 2800 Hoc
1288 2769 1382 2809 igitur
1396 2767 1538 2802 solidum,
1555 2778 1609 2797 seu
1625 2767 1771 2798 columna
1789 2766 1816 2797 P
1831 2766 1864 2797 H
1883 2765 1919 2802 Q,

1091 2811 1182 2851 supra
1197 2811 1352 2841 circellum
1368 2808 1535 2851 congelata,
1558 2809 1774 2850 magnitudine
1794 2813 1918 2848 superat

1091 2864 1204 2884 conum
1229 2854 1317 2884 illum
1342 2853 1432 2894 cujus
1456 2852 1535 2882 basis
1560 2859 1606 2882 est
1625 2851 1766 2883 circellus
1789 2851 1817 2882 P
1835 2851 1868 2886 Q.
1886 2855 1918 2884 et

1090 2896 1220 2926 altitudo
1239 2897 1272 2926 H
1293 2896 1332 2926 G.
1360 2894 1465 2931 Quare
1482 2896 1550 2936 (per
1568 2895 1658 2933 Prop.
1675 2895 1719 2924 X.
1741 2893 1810 2924 Lib.
1826 2891 1914 2923 ΧΠ.

1093 2939 1213 2978 Elem.)
1241 2938 1384 2969 columna
1405 2937 1564 2978 congelata
1594 2937 1619 2967 P
1635 2937 1670 2967 H
1690 2937 1730 2972 Q.
1754 2936 1853 2976 major
1872 2940 1919 2965 ent

1092 2980 1181 3011 tertia
1195 2988 1279 3020 parte
1293 2979 1420 3021 cylindri
1437 2989 1534 3019 aquae,
1557 2979 1646 3020 cujus
1660 2979 1739 3010 basis
1753 2985 1798 3009 est
1811 2975 1919 3008 circel-

1093 3023 1142 3053 lus
1161 3024 1186 3054 P
1211 3025 1243 3059 Q
1263 3029 1294 3054 et
1307 3022 1438 3053 altitudo
1457 3023 1485 3052 G
1505 3022 1549 3052 H.
1599 3021 1659 3052 Sed
1684 3021 1762 3051 sicut
1783 3018 1918 3050 fundum

1095 3066 1124 3096 E
1144 3066 1179 3101 C,
1201 3066 1227 3096 F
1244 3066 1276 3097 D
1291 3064 1420 3096 sustinet
1430 3064 1551 3104 pondus
1565 3075 1652 3104 aquoe
1666 3064 1699 3094 in
1713 3062 1811 3102 spatio
1821 3059 1920 3092 solido

1095 3108 1122 3140 C
1139 3108 1169 3139 E
1187 3109 1226 3140 M
1243 3108 1284 3147 A,
1314 3107 1346 3139 D
1369 3107 1395 3138 F
1419 3107 1451 3139 N
1476 3107 1505 3138 B
1530 3113 1690 3144 contentae,
1713 3104 1757 3136 ita
1780 3103 1922 3136 circellu-
