2066 3548
612 188 1073 267 PHILOSOPHIAE‘
1091 220 1450 264 NATURALIS
1547 221 1689 274 [Mor.
1711 222 1904 269 coma.

212 231 290 270 192

208 340 402 396 quoniam
419 338 712 394 particularum
732 338 831 380 situs
853 344 948 379 sunt
977 335 1128 378 similes
1158 343 1199 377 et
1227 336 1332 377 vires
1361 336 1700 391 proportionales,
1735 337 1781 393 (ἲ)
1800 338 1908 380 vires

207 418 307 452 totae
327 410 474 466 quibus
493 409 705 464 particulae
735 407 1102 462 correspondentes
1132 406 1351 463 agitantur,
1383 421 1437 447 ex
1457 406 1609 448 viribus
1630 407 1801 464 singulis
1821 408 1908 465 agi-

207 481 385 522 tantibus
406 483 497 534 (per
516 480 656 535 legum
679 476 955 519 Corollarium
975 476 1218 528 secundum)
1240 476 1492 530 compositae,
1525 477 1677 518 similes
1696 477 1910 519 habebunt
1957 487 1959 490 ’

205 551 577 600 determinationes,
598 548 772 603 perinde
791 562 839 591 ac
859 547 894 588 si
913 555 1054 589 centra
1073 547 1180 587 inter
1199 546 1419 602 particulas
1444 547 1629 588 similiter
1643 547 1718 589 sita
1731 548 1910 603 respice-
1965 567 1970 572 ·

205 631 318 672 rent3
351 630 393 664 et
421 629 541 662 erunt
569 620 676 661 vires
702 619 784 660 illae
804 626 902 661 totae
921 619 975 660 ad
995 618 1170 658 invicem
1190 625 1236 658 ut
1255 618 1361 659 vires
1392 617 1565 674 singulae
1600 626 1905 672 componenteS,

204 697 284 738 hoc
305 703 379 746 est,
411 702 456 736 ut
476 692 884 748 correspondentium
902 690 1196 746 particularum
1216 690 1405 732 diametri
1430 689 1602 740 inverse,
1639 699 1681 732 et
1709 690 1908 746 quadrata

203 769 466 811 velocitatum
494 766 671 810 directe:
702 774 744 808 et
768 774 988 821 propterea
1015 763 1191 805 efficient
1220 771 1266 804 ut
1295 762 1660 818 correspondentes
1693 763 1907 818 particulae

203 840 356 897 figuras
377 838 527 881 similes
557 837 789 880 describere
818 843 1004 892 pergant.
1065 834 1116 889 (¹¹)
1141 833 1250 876 Haec
1271 833 1329 874 ita
1349 848 1392 874 se
1410 833 1622 875 habebunt
1651 836 1742 889 (per
1764 833 1905 876 Corol.

246 966 289 1007 (ἴ)
306 968 323 986 *
347 968 430 997 rires
451 971 519 997 totae
539 967 648 1006 quibus
666 966 833 1005 particulae
858 973 1032 1003 cor-respon·
1080 963 1108 992 A
1124 962 1157 992 N
1171 972 1241 1002 quae
1255 962 1318 991 vim
1333 960 1491 1000 particulae
1509 961 1530 991 S
1541 960 1696 1000 exprimat,
1714 961 1904 1004 ducatur-que

202 1010 304 1039 derue:
314 1011 476 1048 agitantur
484 1010 591 1039 similes
603 1008 752 1039 habebunt
761 1007 1031 1041 determinationes,
1077 1004 1110 1035 N
1127 1003 1347 1043 M,-parallela
1374 1003 1404 1033 A
1423 1003 1461 1041 P,
1487 1009 1519 1033 et
1540 1012 1576 1033 ex
1601 1003 1640 1033 M
1661 1002 1793 1034 ducatur
1809 1003 1851 1078 ff
1871 1005 1903 1037 R

201 1057 230 1081 et
244 1056 336 1082 erunt
350 1053 390 1081 ad
403 1052 532 1082 invicem
547 1056 580 1080 ut
591 1050 885 1090 cor-respondentium
895 1049 1033 1087 particu-
1076 1046 1221 1085 parallela
1235 1049 1264 1076 A
1278 1046 1307 1080 S,
1318 1045 1371 1076 fiet
1382 1044 1700 1086 parallelogrammum
1718 1046 1748 1076 A
1763 1045 1795 1076 N
1859 1046 1901 1084 R,

200 1094 304 1124 larum
324 1094 463 1124 diametri
484 1090 600 1124 inverse'
620 1097 648 1123 et
669 1093 819 1132 quadrata
840 1091 1031 1121 velocitatum
1072 1089 1106 1118 in
1127 1098 1190 1129 quo
1214 1089 1252 1118 M
1271 1089 1302 1119 R
1316 1100 1361 1117 =
1381 1088 1412 1118 A
1430 1088 1472 1123 N,
1500 1093 1531 1118 et
1552 1087 1686 1128 angulus
1707 1088 1737 1118 A
1756 1088 1790 1118 M
1812 1088 1843 1119 R
1855 1101 1902 1119 =

202 1136 323 1166 directe.
1075 1141 1146 1171 ang.
1169 1131 1205 1160 M
1225 1131 1255 1161 A
1274 1131 1317 1167 N,
1340 1128 1470 1170 ide6que
1495 1130 1523 1160 A
1542 1130 1575 1160 N
1596 1129 1635 1160 ad
1660 1133 1689 1160 A
1709 1131 1741 1160 R
1761 1136 1798 1161 ut
1817 1131 1904 1162 sinus

245 1178 261 1195 *
282 1175 439 1207 Particula
456 1177 487 1207 A
501 1175 581 1207 inter
594 1175 671 1206 duas
688 1175 710 1207 S
723 1180 754 1205 et
771 1174 807 1210 P,
830 1180 861 1205 et
882 1172 1031 1213 particula
1074 1173 1182 1214 anguli
1198 1173 1236 1204 M
1255 1173 1285 1203 A
1305 1173 1335 1203 R
1350 1172 1389 1202 ad
1404 1173 1507 1203 sinum
1522 1182 1592 1213 ang.
1613 1172 1651 1202 M
1670 1172 1699 1202 A
1716 1172 1759 1209 N,
1786 1172 1850 1203 sive
1865 1180 1901 1204 ut

200 1229 218 1248 a
232 1218 311 1248 inter
324 1218 402 1250 duaa
415 1229 430 1248 s
444 1224 474 1250 et
488 1229 509 1258 p
523 1219 585 1249 sint
597 1218 736 1248 similiter
746 1217 822 1253 sitae,
839 1222 870 1247 et
880 1215 1029 1256 quacum-

200 1270 261 1300 que
283 1259 435 1291 celeritate
455 1260 487 1290 in
509 1260 674 1291 directione
695 1259 834 1290 similiter
847 1256 947 1297 posita
961 1267 1030 1296 par-

200 1302 302 1332 ticulae
312 1302 376 1332 illae
393 1303 424 1333 A
439 1308 470 1333 et
483 1313 502 1333 a
515 1303 661 1339 ferantur,
677 1303 896 1340 trahanturque
910 1301 959 1330 vel
979 1300 1030 1330 fu-

199 1350 312 1385 gentur
325 1344 387 1374 illae
402 1344 558 1384 particulae
576 1346 605 1375 A
621 1350 652 1375 et
664 1355 683 1374 a
698 1341 717 1373 ὲ
731 1343 887 1383 particulis
904 1344 925 1374 S
940 1342 1026 1388 ‘³th’

199 1397 214 1416 s
229 1392 259 1417 et
269 1397 290 1426 p
304 1397 358 1426 per
367 1386 445 1417 vires
455 1397 524 1427 quae
535 1387 596 1417 sint
609 1393 645 1418 ut
659 1385 800 1417 diametri
811 1385 1030 1424 particularum

199 1428 501 1468 coi-respondentium
522 1429 639 1460 inverse
653 1429 715 1459 sive
729 1434 765 1458 ut
778 1428 867 1458 lineae
886 1428 1025 1457 homolo-

199 1481 249 1511 gae
262 1470 389 1507 inverse,
407 1477 438 1501 et
451 1471 598 1512 quadrata
612 1471 807 1501 velocitatum
818 1469 941 1504 directe,
958 1469 1028 1499 dico

198 1511 298 1552 primo
308 1512 391 1553 quod
406 1513 532 1544 directio
542 1513 587 1543 vis
597 1512 772 1552 compositas
781 1512 927 1543 trahentis
933 1512 1027 1551 parti-

198 1554 283 1586 cula-s
296 1556 327 1585 A
339 1561 370 1587 et
383 1565 402 1585 a
416 1555 555 1586 similiter
567 1556 666 1595 posita
680 1555 737 1586 erit
746 1555 780 1584 in
793 1560 921 1593 utroque
932 1561 1027 1593 syste-

198 1602 290 1634 mate,
313 1597 510 1638 nam-anguli
527 1598 549 1628 S
566 1598 597 1628 A
616 1598 644 1628 P
659 1603 690 1628 et
704 1607 718 1627 s
732 1607 751 1627 a
764 1607 795 1635 p,
817 1606 894 1636 quos
909 1596 1028 1626 faciunt

200 1638 277 1669 vires
302 1645 436 1679 agentes,
466 1649 504 1670 ex
532 1639 693 1679 hypothesi
721 1638 853 1678 aequales
878 1644 958 1673 sunt,
981 1639 1027 1668 vis

201 1687 305 1711 autem
320 1681 489 1720 composita
502 1688 646 1722 sequetur
654 1680 847 1722 diagonalem
859 1690 927 1720 quae
936 1680 1027 1711 faciat

196 1722 328 1762 angulos
337 1733 410 1753 cum
419 1723 584 1754 directione
593 1723 752 1763 utriusque
764 1722 807 1752 vis
815 1723 1025 1761 componentis

196 1774 330 1804 quorum
343 1765 430 1795 sinus
444 1766 506 1802 sint
518 1764 673 1804 reciproce
688 1771 723 1795 ut
733 1765 811 1794 vires
821 1770 954 1804 agentes,
971 1775 1025 1803 per

196 1812 339 1837 naturam
352 1807 463 1838 virium
478 1808 724 1846 compositarum,
751 1807 791 1836 sit
805 1816 841 1836 ea
855 1805 1024 1846 diagonalis

195 1848 244 1879 hic
256 1849 288 1880 A
301 1849 350 1886 M,
366 1848 429 1881 illic
442 1859 462 1880 a
471 1859 514 1887 m,
529 1849 588 1880 erit
597 1858 671 1890 ergo
685 1849 771 1880 sinus
779 1847 888 1889 anguli
900 1848 921 1879 S
935 1848 964 1878 A
973 1848 1021 1884 M,

411 1975 443 2006 A
812 1974 837 1994 ἃ

338 2239 563 2302 Ν
695 2290 698 2294 .
812 2253 818 2260 ·
831 2250 894 2302 -·.,,.”ὸ

864 2309 887 2339 ι)

195 2397 234 2428 ad
249 2397 351 2428 sinum
365 2396 474 2437 anguli
491 2396 520 2428 P
535 2397 568 2428 A
585 2397 634 2434 M,
648 2397 767 2429 inverse
774 2393 816 2430 'ut
831 2397 875 2429 vis
889 2398 1022 2438 particu-

195 2440 234 2470 1ae
251 2440 273 2471 S
287 2439 327 2471 ad
347 2438 410 2469 vim
431 2439 588 2478 particulae
606 2440 635 2471 P
649 2440 711 2470 sive
736 2439 850 2472 directe
874 2447 910 2471 ut
930 2441 1020 2471 lineae

195 2482 371 2522 homologae
389 2481 410 2512 S
427 2481 459 2512 A
472 2487 503 2512 et
517 2481 545 2512 P
561 2482 592 2512 A
614 2484 699 2523 (nam
715 2483 860 2524 quoniam
874 2483 913 2514 de
927 2483 1020 2514 unico

196 2534 320 2563 corpore
338 2524 368 2554 A
384 2533 468 2554 nunc
482 2523 584 2564 agitur
597 2524 674 2554 ratio
694 2525 911 2565 quadratorum
934 2525 1018 2556 velo-

195 2566 322 2597 citatum
336 2565 386 2596 hic
397 2565 474 2595 nihil
483 2565 597 2605 mutat)
607 2567 718 2605 pariter
726 2567 810 2597 sinus
821 2567 928 2607 anguli
939 2577 952 2596 s
961 2577 980 2597 a
988 2577 1018 2596 m

196 2614 242 2638 est
256 2608 294 2638 ad
309 2608 411 2638 sinum
426 2607 532 2648 anguli
547 2618 568 2647 p
582 2618 647 2638 am
662 2614 758 2639 utsa
772 2609 811 2639 ad
826 2619 893 2647 ρας
909 2609 1019 2640 sedest

199 2651 220 2680 S
238 2652 267 2680 A
284 2650 324 2680 ad
341 2650 368 2681 P
386 2650 416 2680 A
439 2650 518 2680 sicut
532 2660 547 2680 s
560 2660 578 2680 a
589 2649 627 2680 ad
642 2661 662 2689 p
677 2661 696 2681 a
709 2660 747 2681 ex
761 2651 929 2690 hypothesi,
946 2661 1019 2692 ergo

195 2691 303 2732 anguli
317 2691 448 2732 aequales
465 2692 486 2723 S
506 2693 534 2722 A
551 2691 580 2722 P
594 2698 624 2722 et
638 2703 652 2722 s
666 2703 685 2722 a
697 2703 719 2732 p
732 2692 765 2722 in
780 2692 887 2722 eadem
906 2694 1022 2723 ratione

196 2741 336 2764 secantur
357 2744 411 2773 per
431 2733 526 2764 lineas
551 2735 579 2764 A
597 2734 644 2770 M,
671 2744 690 2764 a
703 2744 745 2772 m,
770 2733 900 2775 ide6que
915 2735 1022 2775 anguli

198 2776 220 2806 S
237 2777 267 2806 A
285 2776 483 2811 Metsam,
502 2774 1018 2817 MAPetmapsuntaequales,

196 2827 270 2859 ergo
283 2818 409 2849 directio
430 2818 475 2848 vis
495 2819 670 2858 compositae
690 2819 836 2850 trahentis
857 2819 1021 2858 particulas

199 2861 230 2889 A
245 2867 275 2890 et
287 2871 306 2891 a
319 2860 353 2890 in
367 2860 491 2901 singulo
511 2867 675 2901 systemate
694 2861 833 2892 similiter
848 2867 894 2892 est
907 2862 1015 2900 posita.

199 2902 240 2937 Q„
258 2908 321 2933 erat
340 2907 365 2933 1.

238 2947 266 2973 2.
294 2945 383 2975 Vires
404 2944 664 2987 illae‘compositoe
689 2951 781 2976 erunt
798 2951 836 2977 ut
857 2945 1019 2985 particula-

195 2995 265 3016 rum
291 2986 430 3018 diametri
455 2986 572 3018 inverse
595 2994 626 3018 et
649 2989 798 3029 quadrata
824 2988 1021 3019 velocitatum

193 3027 317 3058 directe.

1046 2083 1048 2087 Α
1062 2061 1188 2090 ratione.
1238 2059 1280 2094 Q.
1297 2056 1331 2088 e.'
1343 2058 1374 2088 d.

1075 1215 1104 1246 P
1123 1215 1152 1246 A
1168 1215 1206 1246 ad
1224 1215 1246 1246 S
1264 1215 1304 1252 A,
1319 1215 1379 1245 hoc
1393 1220 1439 1245 est
1451 1220 1487 1245 ut·
1501 1214 1578 1246 vires
1592 1214 1811 1254 particularum
1834 1215 1856 1247 S
1871 1221 1903 1247 et

1075 1257 1113 1294 P,
1140 1255 1270 1298 ide6que
1292 1258 1322 1287 A
1342 1258 1372 1288 R
1394 1257 1541 1296 exprimet
1555 1256 1617 1286 vim
1631 1256 1788 1296 particulae
1806 1257 1845 1295 P,
1867 1265 1899 1288 et

1075 1300 1104 1330 A
1124 1299 1162 1330 M
1177 1300 1328 1339 exprimet
1347 1300 1408 1330 vim
1431 1299 1628 1337 compositam
1643 1299 1811 1331 ‹ex-viribus
1834 1300 1856 1332 S
1870 1306 1901 1331 et

1074 1342 1113 1373 P.
1161 1342 1307 1372 Sumatur
1317 1342 1350 1372 in
1365 1353 1383 1372 a
1392 1352 1406 1371 s
1420 1341 1533 1371 lineola
1546 1351 1565 1371 a
1580 1351 1610 1378 n,
1623 1351 1692 1381 quae
1706 1341 1746 1372 sit
1760 1341 1800 1372 ad
1813 1344 1841 1373 A
1855 1342 1897 1379 N,

1072 1390 1108 1414 ut
1122 1394 1142 1414 a
1155 1394 1170 1414 s
1182 1383 1223 1415 ad
1240 1384 1269 1415 A
1290 1385 1311 1415 S
1325 1383 1451 1420 inverse,
1467 1389 1499 1414 et
1513 1389 1548 1413 ut
1557 1382 1741 1423 quadratum
1755 1383 1898 1415 velocita-

1070 1426 1111 1457 tis
1125 1427 1157 1456 in
1171 1436 1190 1456 a
1203 1426 1244 1457 ad
1265 1426 1450 1467 quadratum
1470 1425 1638 1456 velocitatis
1662 1425 1696 1455 in
1720 1426 1751 1456 A
1773 1425 1899 1462 directe.

1069 1469 1231 1509 ductisque
1252 1479 1273 1499 n
1288 1479 1321 1499 m
1342 1475 1373 1500 et
1393 1479 1427 1498 m
1441 1479 1457 1498 r
1476 1467 1629 1508 parallelis
1653 1467 1742 1498 lineis
1763 1478 1782 1498 a
1795 1478 1827 1507 p,
1849 1479 1869 1500 a
1883 1479 1899 1499 s

1070 1517 1160 1541 erunt
1174 1522 1193 1542 a
1207 1521 1229 1540 n
1244 1517 1274 1541 et
1288 1522 1306 1542 a
1320 1522 1336 1541 r
1350 1518 1387 1542 ut
1399 1511 1479 1541 vires
1499 1509 1719 1549 particularum
1732 1520 1748 1540 s
1761 1515 1799 1541 et=
1813 1521 1848 1550 p,
1867 1517 1900 1542 ct

1070 1565 1089 1584 a
1103 1563 1135 1583 m
1150 1554 1299 1592 exprimet
1313 1554 1374 1583 vim
1387 1563 1425 1583 ex
1439 1553 1477 1583 iis
1489 1551 1700 1591 compositam.

1115 1595 1173 1627 Sed
1188 1597 1228 1626 ob
1242 1595 1475 1626 similitudinem
1496 1594 1778 1635 triangulorumzA
1795 1594 1828 1625 N
1844 1595 1894 1631 M,

1068 1649 1123 1669 an
1137 1649 1170 1668 m
1191 1644 1236 1668 est
1260 1639 1289 1668 A
1308 1639 1340 1669 N
1355 1638 1393 1669 ad
1411 1638 1442 1668 A
1459 1637 1497 1667 M
1519 1637 1598 1667 sicut
1612 1647 1631 1666 a
1645 1647 1667 1666 n
1681 1636 1720 1667 ad
1734 1647 1754 1667 a
1768 1646 1896 1675 m„s,1ve

1068 1681 1113 1711 vis
1128 1680 1284 1720 particulae
1302 1681 1343 1717 A,
1365 1679 1406 1711 ad
1420 1678 1482 1709 vim
1497 1678 1695 1718 compositam
1710 1688 1748 1709 ex
1763 1685 1897 1718 particu-

1068 1723 1106 1753 lis
1124 1725 1145 1754 S
1160 1730 1190 1753 et
1207 1723 1245 1759 P,
1261 1728 1296 1752 ut
1307 1724 1351 1753 vis
1365 1722 1522 1762 particulae
1535 1731 1555 1752 a
1568 1721 1608 1752 ad
1619 1721 1684 1751 vim
1696 1721 1895 1760 compositam

1067 1775 1104 1795 ex
1125 1764 1282 1804 particulis
1297 1775 1311 1794 s
1325 1771 1355 1795 et
1369 1775 1400 1803 p,
1423 1762 1553 1803 ideoque
1575 1761 1714 1797 vicissim,
1739 1763 1783 1792 vis
1803 1763 1896 1802 parti.

1067 1807 1146 1837 culte
1165 1807 1192 1837 A
1208 1806 1247 1837 ad
1262 1807 1323 1836 vim
1338 1805 1494 1845 particulae
1509 1815 1527 1835 a
1541 1812 1586 1841 ut,
1607 1805 1652 1834 vis
1673 1803 1841 1843 composita
1854 1815 1893 1836 ex

1066 1849 1095 1878 vi
1111 1848 1328 1887 particularum
1350 1849 1372 1879 S
1386 1854 1416 1878 et
1433 1847 1471 1883 P,
1493 1846 1534 1876 ad
1552 1846 1614 1876 vim
1635 1847 1837 1885 compositam
1856 1857 1894 1878 ex

1066 1891 1180 1922 viribus
1190 1890 1406 1929 particularum
1421 1899 1436 1919 s
1450 1895 1481 1918 et
1494 1899 1533 1927 p;
1557 1887 1610 1918 sed
1624 1888 1670 1918 vis
1683 1888 1842 1927 particulae
1861 1890 1891 1920 A

1066 1939 1112 1963 est
1126 1932 1166 1963 ad
1179 1933 1241 1962 vim
1262 1931 1420 1970 particulae
1439 1941 1467 1967 a,
1491 1929 1606 1960 inverse
1621 1936 1658 1960 ut
1671 1930 1892 1969 particularum

1061 1974 1210 2010 diametri,
1233 1980 1264 2005 et
1279 1973 1392 2009 directe
1413 1979 1449 2003 ut
1470 1972 1663 2003 velocitatum
1683 1972 1831 2012 quadrata
1853 1982 1892 2004 ex

1063 2017 1233 2056 hypothesi,
1261 2020 1334 2057 ergo
1356 2016 1433 2046 vires
1454 2015 1629 2054 compositae
1650 2021 1722 2044 sunt
1736 2014 1770 2044 in
1784 2013 1893 2054 eidem

1108 2101 1197 2131 Idem
1219 2100 1411 2130 ratiocinium
1427 2098 1466 2129 ad
1480 2098 1558 2129 vires
1573 2098 1755 2138 compositas
1768 2109 1806 2130 ex
1816 2099 1890 2140 vplu.

1062 2142 1146 2174 ribus
1167 2142 1322 2183 particulis
1343 2141 1533 2172 extendetur.
1582 2139 1677 2172 Unde
1701 2143 1777 2173 vires
1807 2148 1890 2179 totae,

1062 2186 1117 2217 διο.

1107 2228 1152 2270 (¹¹)
1171 2231 1187 2248 *
1206 2230 1284 2259 Ha’c
1300 2230 1342 2259 ita
1363 2238 1393 2258 se
1414 2227 1564 2257 habebunt
1587 2227 1656 2267 (per
1672 2225 1744 2256 Cor.
1766 2228 1793 2256 1.
1810 2230 1842 2256 et
1856 2228 1886 2256 8.

1064 2270 1156 2310 Prop.
1177 2271 1238 2301 IV.
1265 2270 1334 2301 Lib.
1356 2268 1410 2308 L).
1459 2269 1527 2298 Aut
1551 2268 1635 2309 quod
1654 2267 1815 2301 idemfflest
1835 2277 1892 2308 per

1063 2313 1122 2343 hoc
1139 2313 1277 2343 Lemma.

1109 2359 1177 2386 189.
1203 2356 1342 2386 Lemma.
1392 2353 1424 2384 si
1450 2362 1575 2391 corpora
1599 2351 1663 2382 duo
1691 2352 1728 2387 A,
1756 2362 1784 2389 a,
1807 2350 1889 2383 cited

1062 2403 1166 2428 centra
1188 2397 1316 2427 immota
1332 2397 1363 2433 S,
1387 2407 1411 2432 s,
1436 2395 1630 2435 projiciantur
1650 2394 1820 2431 secundum
1840 2393 1889 2427 di.

1062 2440 1211 2470 rectiones
1232 2440 1262 2469 A
1282 2439 1322 2473 D,
1341 2449 1359 2468 a
1372 2438 1402 2473 d,
1424 2447 1493 2477 quae
1508 2445 1579 2467 cum
1594 2435 1742 2466 distantiis
1767 2437 1796 2466 A
1814 2436 1836 2467 S
1857 2443 1889 2467 et

1061 2492 1080 2512 a
1091 2492 1106 2511 s
1120 2481 1251 2522 aequales
1262 2481 1391 2519 angulos
1405 2480 1437 2510 D
1454 2480 1482 2509 A
1497 2480 1529 2516 S,
1545 2477 1566 2508 d
1580 2489 1598 2508 a
1611 2489 1628 2508 s
1640 2479 1841 2516 constituunt,
1856 2485 1889 2510 et

1064 2530 1230 2564 urgeantur
1252 2523 1366 2553 viribus
1387 2520 1644 2552 acceleratricibus
1664 2527 1767 2550 centra
1782 2520 1838 2551 illa
1854 2522 1887 2558 S,

1061 2576 1076 2595 s
1097 2565 1334 2605 respicientibus,
1365 2574 1434 2604 quae
1457 2572 1576 2602 semper
1599 2562 1660 2592 sint
1684 2562 1764 2592 inter
1790 2573 1824 2593 se
1851 2569 1890 2594 ut

1061 2608 1207 2648 quadrata
1221 2607 1414 2637 velocitatum
1429 2615 1590 2643 corporum
1605 2603 1717 2635 directe
1728 2611 1759 2635 et
1772 2604 1890 2636 distan-

1063 2651 1114 2680 tiae
1128 2661 1147 2680 a
1161 2649 1272 2681 centris
1286 2647 1410 2683 inverse,
1433 2657 1558 2686 corpora
1571 2646 1625 2677 illa
1638 2646 1754 2687 figuras
1774 2647 1890 2678 similes

1063 2691 1144 2723 circa
1159 2697 1262 2722 centra
1279 2692 1300 2722 S
1314 2696 1345 2721 et
1358 2700 1373 2720 a
1387 2689 1565 2723 describent,
1582 2689 1756 2729 similesque
1771 2697 1802 2719 et
1817 2699 1889 2729 pro-

1065 2734 1249 2774 portionales
1270 2733 1438 2774 figurarum
1452 2731 1573 2762 illarum
1587 2738 1686 2771 partes
1700 2732 1890 2771 temporibus

1064 2776 1338 2816 proportionalibus
1351 2779 1536 2814 percurrent.

1107 2819 1147 2849 In
1162 2817 1364 2859 projectilium
1385 2815 1600 2847 directionibus
1614 2815 1774 2855 capiantur
1786 2822 1893 2856 parte·¹

1062 2871 1157 2901 quam
1172 2861 1309 2890 minima
1326 2859 1356 2890 A
1369 2859 1412 2896 D,
1427 2868 1447 2889 a
1460 2857 1482 2888 d
1496 2857 1647 2888 distantiis
1666 2859 1695 2889 A
1709 2859 1741 2895 S,
1757 2868 1777 2889 a
1789 2868 1805 2888 s
1818 2865 1890 2898 pru-

1063 2903 1254 2947 pqxtionales.
1301 2901 1481 2942 Junganmr
1497 2901 1519 2930 S
1532 2900 1574 2935 D,
1592 2910 1607 2930 s
1621 2900 1641 2930 d
1657 2907 1688 2932 et
1702 2909 1829 2940 corpora
1846 2903 1888 2938 A,

1063 2956 1082 2975 a
1110 2945 1297 2984 temporibus
1321 2942 1476 2984 quibusvis
1503 2942 1539 2977 T,
1565 2948 1577 2972 t
1600 2941 1772 2974 describant
1799 2951 1890 2978 mia

1069 2988 1100 3019 A
1119 2989 1158 3024 B,
1174 2998 1193 3018 a
1206 2989 1227 3018 b
1241 2986 1295 3028 qui
1319 2985 1413 3017 lineas
1438 2984 1459 3015 S
1476 2984 1519 3021 D,
1542 2994 1557 3014 s
1571 2983 1591 3014 d
1616 2985 1782 3026 attingunt.
1829 2984 1889 3015 Su-

1066 3036 1190 3060 mantur
1214 3038 1302 3060 arcus
1325 3028 1356 3059 A
1374 3027 1410 3065 F,
1432 3037 1452 3057 a
1465 3027 1485 3056 b
1500 3026 1552 3066 qui
1567 3025 1674 3057 eodem
1696 3025 1889 3066 tempuscula

239 3070 365 3101 Secetur
387 3076 556 3112 utcumque
573 3072 606 3102 in
628 3071 795 3103 directione
820 3073 850 3104 A
869 3073 891 3104 S
912 3072 1025 3103 lineola
1066 3071 1207 3113 descripti
1229 3071 1299 3109 sint,
1321 3075 1352 3102 et
1365 3069 1458 3101 ducta
1476 3069 1502 3100 F
1520 3069 1550 3100 G
1565 3068 1710 3108 parallela
1728 3069 1750 3101 S
1767 3068 1811 3106 D,
1832 3067 1891 3100 erit
