2066 3548
172 255 251 293 150
580 245 1031 290 PHILOSOPHIAE
1061 233 1423 287 NATURALIS
1512 242 1656 307 [Μω.
1673 243 1889 289 coam..

223 366 354 406 Corol.
376 369 417 406 5.
453 364 514 418 (¹¹¹)
531 363 586 404 Et
602 359 897 411 universaliter,
921 360 1124 416 quantitas
1144 358 1328 399 materiae
1349 355 1542 411 pendulae
1563 363 1626 398 est
1643 363 1690 398 ut
1707 355 1875 412 pondus

165 444 207 478 et
225 435 472 493 quadratum
493 433 689 488 temporis
709 431 877 482 directe,
900 440 942 472 et
961 429 1179 487 longitudo
1198 428 1370 484 penduli
1389 426 1562 468 inverse.

224 509 354 550 Corol.
377 514 417 549 6.
463 506 545 548 Sed
566 513 608 547 et
627 520 670 546 1n
690 505 829 546 medio
848 519 934 546 non
954 504 1169 545 resistente
1189 503 1393 558 quantitas
1413 500 1596 542 materiae
1607 498 1802 555 pendulae
1817 504 1880 540 est

162 585 209 620 ut
227 578 390 634 pondus
411 575 737 631 comparativum
760 583 802 616 et
822 573 1068 631 quadratum
1087 573 1283 627 temporis
1303 571 1458 613 directe
1480 579 1522 613 et
1540 564 1758 627 longitudo
1775 583 1880 624 pen-

163 649 252 691 duli
270 646 445 690 inverse.
506 646 616 687 Nam
635 646 798 702 pondus
818 645 1142 700 comparativum
1163 652 1225 685 est
1243 644 1303 685 vis
1323 643 1477 685 motrix
1503 643 1688 697 corporis
1718 641 1763 682 in
1776 655 1874 690 ‚me-

164 720 234 762 dio
255 719 398 776 quovis
418 718 547 774 gravi,
571 718 623 772 (¹¹)
645 725 691 759 ut
712 732 836 772 supra
856 716 1059 771 explicui3
1082 714 1258 770 ideoque
1278 714 1388 755 idem
1408 721 1580 769 praestat
1599 713 1643 753 in
1657 711 1730 765 tali
1741 710 1880 753 medio

163 807 249 834 non
269 780 481 834 resistente
501 799 623 848 atque
643 791 806 846 pondus
827 789 1061 831 absolutum
1080 788 1124 828 in
1143 801 1287 828 vacuo.

225 865 354 906 Corol.
378 867 417 908 7.
481 862 613 918 (⁰)'Et
631 862 730 903 hinc
758 861 888 917 liquet
917 860 1022 901 ratio
1053 867 1142 900 tum
1177 856 1444 912 comparandi
1476 870 1652 912 corpora
1683 855 1791 897 inter
1821 869 1878 904 se,

166 934 304 991 quoad
325 934 597 991 quantitatem
617 933 800 974 materiae
819 932 864 972 in
884 929 1080 987 singulis3
1110 937 1199 970 tum
1219 927 1487 983 comparandi
1500 926 1688 982 pondera
1700 925 1905 983 ejusdem¹

166 1005 350 1059 corporis
386 1004 429 1045 in
463 1003 635 1045 diversis
669 1002 786 1053 locis,
823 1002 874 1057 (P)
896 1001 950 1042 ad
981 998 1311 1056 cognoscendam
1345 997 1619 1038 variationem
1652 995 1878 1052 gravitatis-

170 1075 310 1117 Factis
337 1083 475 1116 autem
502 1073 794 1129 experimentis
822 1085 947 1127 quam
976 1068 1288 1111 accuratissimis
1317 1068 1456 1108 inveni
1485 1081 1649 1121 semper
1677 1066 1885 1122 quantita-

167 1154 252 1188 tem
272 1147 455 1189 materiae
475 1146 518 1187 in
539 1144 781 1200 corporibus
803 1142 974 1199 singulis
995 1155 1139 1184 eorum
1157 1139 1334 1196 ponderi
1345 1139 1698 1195 proportionalem
1718 1153 1821 1181 esse.

469 1339 846 1384 PROPOSITIO
878 1339 1026 1383 XXV.
1088 1337 1449 1414 'leEoREMA
1486 1336 1593 1381 XX.

172 1472 352 1524 Corpora
357 1470 639 1525 sunependula
659 1470 808 1524 quibus,
831 1470 875 1510 in
895 1470 1021 1509 medio
1041 1469 1188 1522 quovis,
1211 1469 1411 1509 resistitur
1434 1469 1478 1508 in
1496 1468 1657 1508 ratione
1675 1470 1886 1506 momento-

231 1556 317 1582 rum
337 1541 534 1594 temporis,
566 1547 604 1581 et
624 1554 791 1594 corpora
804 1539 1091 1595 funependula
1113 1553 1200 1593 quoe
1219 1540 1262 1579 in
1283 1538 1449 1592 ejusdem
1464 1538 1685 1592 gravitatis
1704 1536 1894 1589 specfficae

231 1615 360 1655 medio
389 1627 468 1653 non
499 1613 703 1653 resistente
731 1619 946 1662 moventur,
985 1612 1248 1652 oscillationes
1279 1612 1323 1650 in
1352 1611 1524 1664 eye-loide
1558 1610 1688 1650 eodem
1721 1615 1894 1662 tempore

219 1692 439 1741 peragunt,
462 1692 500 1726 et
520 1699 680 1726 arcuum
693 1691 837 1738 partes
851 1685 1175 1737 proportionales
1194 1684 1309 1724 simul
1330 1682 1563 1724 describunt.

235 1814 298 1856 Sit
318 1814 359 1854 A
382 1797 419 1854 B
441 1812 636 1869 cycloidis
657 1827 792 1862 arcus,
817 1827 938 1867 quem
961 1826 1111 1866 corpus
1133 1812 1176 1853 D
1198 1818 1384 1866 tempore
1415 1811 1559 1867 quovis
1587 1811 1631 1851 in
1650 1809 1789 1852 medio
1808 1824 1894 1851 non

173 1886 388 1927 resistente
408 1880 633 1925 oscillando
655 1884 864 1925 describit.
930 1884 1149 1925 Bisecetur
1168 1883 1278 1924 idem
1298 1884 1341 1923 in
1365 1883 1413 1933 C,
1436 1884 1493 1924 ita
1514 1892 1560 1923 ut
1581 1883 1617 1924 C
1638 1883 1686 1924 fit
1705 1883 1893 1924 infimum

176 1959 264 2014 ejus
290 1967 516 2013 punctum3
553 1966 595 1999 et
615 1958 693 1998 erit
713 1957 773 1998 vis
796 1956 1064 1998 acceleratrix
1095 1955 1174 2012 que
1206 1970 1354 2011 corpus
1383 1964 1556 2012 urgetur
1575 1956 1619 1996 in
1638 1955 1733 2022 loco
1752 1955 1898 2011 quovis

180 2086 214 2117 in
228 2086 368 2126 pendulo
379 2086 409 2116 A
419 2085 534 2118 directe
548 2092 578 2118 et
592 2087 658 2128 ejus
672 2086 838 2127 longitudo
851 2086 970 2118 inverse
981 2087 1020 2118 ad
1063 2093 1126 2119 tate
1140 2095 1171 2120 et
1185 2089 1338 2130 elegantia
1359 2090 1485 2129 exponit
1507 2090 1540 2120 in
1558 2090 1776 2122 Monumentis
1793 2090 1895 2123 Acad.

181 2128 306 2168 pondus
321 2137 352 2160 et
366 2129 550 2169 quadratum
565 2129 711 2168 temporis
722 2130 851 2169 penduli
867 2131 892 2161 C
907 2129 1021 2161 directe
1069 2132 1150 2172 Reg.
1169 2133 1280 2162 Scient.
1300 2143 1348 2162 an.
1370 2135 1463 2164 1755.

179 2176 210 2201 et
225 2170 292 2210 ejus
308 2171 535 2213 longitudinem
550 2170 678 2202 inverse.
731 2172 772 2208 Q,
791 2182 817 2203 e.
837 2172 867 2203 d.
893 2174 1016 2204 univer·
1106 2178 1175 2206 179.
1221 2175 1306 2210 Quia
1331 2175 1453 2205 numeri
1477 2175 1704 2207 oscillationum
1729 2176 1900 2218 aequalibffl

180 2215 290 2244 saliter.
1059 2217 1248 2256 temporibus
1270 2227 1289 2247 a
1313 2217 1439 2248 diversis
1467 2218 1611 2257 pendulis
1639 2219 1898 2251 absolvendarum

227 2255 321 2286 Unde
346 2256 372 2285 si
395 2262 426 2286 et
447 2262 585 2295 tempora
614 2262 644 2287 et
668 2257 853 2298 quantitates
881 2258 1017 2288 materiae
1062 2266 1136 2289 sunt
1151 2258 1304 2298 reciproce
1320 2265 1356 2290 ut
1370 2265 1508 2299 tempora
1525 2261 1637 2301 quibus
1657 2261 1704 2291 sin
1728 2261 1789 2291 ulae
1809 2261 1901 2292 oseu-

182 2297 290 2327 eadem
311 2304 393 2334 sunt,
420 2298 557 2337 pondera
579 2305 652 2330 sunt
665 2305 702 2330 ut
717 2299 929 2340 longitudines
942 2310 1018 2340 pen·
1061 2301 1190 2332 lationes
1210 2301 1293 2332 fiunt
1309 2303 1397 2343 (478.
1418 2303 1488 2333 Lib.
1509 2303 1568 2343 1.),
1592 2313 1716 2333 numeri
1735 2302 1899 2334 offlllntio-

183 2339 328 2370 dulorum
343 2339 466 2371 directe.
1061 2354 1140 2374 num
1169 2344 1340 2385 aequalibus
1368 2345 1559 2384 temporibus
1587 2351 1780 2384 peractarum
1808 2350 1901 2377 erunt

225 2394 279 2436 (¹¹⁸)
298 2397 315 2415 ²*
334 2397 378 2427 Et
393 2379 609 2427 u'm'vemaliter.
655 2396 737 2428 Vide
751 2404 858 2429 notam
879 2397 1017 2438 superio·
1065 2388 1134 2427 (Fer
1150 2387 1220 2435 ‘39¹'-
1239 2389 1269 2418 5·
1291 2387 1383 2426 ΡῙὉΡ·
1402 2387 1511 2434 Ῑῖυῇυῧ)
1537 2387 1571 2436 ἰξῑ
1592 2387 1759 2426 comm&
1782 2388 1901 2419 ηῑίωῑθ

183 2447 259 2468 rem·
1064 2438 1103 2459 ex
1131 2434 1249 2477 ratione
1262 2428 1493 2479 ’subdupli'cata
1516 2429 1635 2479 ‘directi-2
1661 2429 1836 2469 ponderum
1868 2436 1902 2461 et

227 2495 273 2536 (¹¹)
292 2498 308 2515 ⁸*
333 2497 374 2527 Ut
389 2506 484 2536 supra
496 2496 630 2536 ετρὶἰοιιί,
646 2496 680 2526 in
698 2496 769 2528 Cor.
789 2501 820 2529 6.
837 2503 868 2528 et
882 2500 912 2528 8.
926 2496 1022 2537 Prop.
1065 2470 1298 2554 ῗὲξὲιῖεέξέειὶ
1313 2473 1642 2552 Ξὲἕᾞξζὲἲνξξὲῗ
1661 2478 1902 2554 ggffimwgt„

226 2537 268 2568 X·
1067 2554 1127 2586 dus
1149 2561 1194 2586 est
1207 2561 1244 2585 ut
1256 2555 1372 2586 factum
1388 2565 1426 2586 ex
1441 2555 1541 2595 massa
1554 2556 1588 2586 in
1602 2557 1664 2586 vim
1679 2557 1836 2598 gravitatis
1849 2567 1900 2588 ae·

1069 2597 1284 2636 celerat-icem,
1294 2603 1385 2628 erunt
1396 2596 1532 2637 praedicti
1543 2598 1769 2630 oscillationum
1779 2598 1902 2630 numeri

1070 2640 1103 2670 in
1118 2640 1235 2671 ratione
1249 2639 1463 2680 subduplicata
1484 2639 1599 2672 directa
1612 2641 1724 2672 virium
1745 2641 1903 2684 gravitatis

1070 2682 1315 2714 acceleratricum
1352 2689 1382 2713 et
1402 2683 1520 2713 ratione
1538 2683 1752 2723 subduplicatfi
1766 2685 1904 2727 longitu-

187 2536 219 2566 X

236 2593 280 2634 (0)
299 2596 315 2613 ⁸¹
334 2596 378 2625 Ee
394 2595 465 2626 hinc
483 2596 576 2636 liquet
589 2596 676 2631 ratio,
693 2595 749 2626 &c.
799 2595 881 2625 Nam
895 2605 932 2626 ex
947 2595 1026 2627 datis

190 2636 399 2675 pendulorum
422 2636 678 2677 longitudinibus,
701 2636 927 2668 oscillationum
949 2644 1027 2668 tem-

192 2679 328 2716 poribus,
356 2684 387 2709 et
415 2679 602 2718 ponderibus
631 2689 804 2718 corporum,
832 2680 924 2710 datur
951 2681 1028 2711 ratio

193 2720 402 2759 quantitatum
435 2721 571 2751 materiae
601 2721 635 2751 in
663 2721 726 2752 illis
753 2721 930 2761 corporibus
960 2724 1029 2765 (per
1071 2724 1181 2755 diuum
1203 2725 1410 2764 pendulorum
1422 2725 1561 2764 iuven-⁵35
1582 2736 1618 2756 ac
1632 2727 1762 2765 proinde
1781 2726 1902 2767 pendu-

197 2762 267 2792 Cor.
284 2763 362 2802 V.);
385 2770 416 2793 et
430 2769 544 2794 contra.
1070 2767 1173 2797 lorum
1194 2767 1403 2808 inaequalium,
1429 2767 1483 2798 sed
1504 2768 1611 2799 eedem
1623 2769 1652 2799 vi
1667 2770 1824 2810 gravitatis
1836 2769 1902 2811 ugi-

238 2804 283 2844 (Ρ)
302 2807 319 2824 ¹*
338 2807 389 2836 Ad
404 2809 640 2845 cognoscendam
654 2807 852 2838 variationem
860 2809 1026 2847 gravitatis.
1072 2815 1217 2847 tatorum,
1244 2809 1365 2840 numeri
1389 2809 1614 2841 oscillationum
1637 2811 1745 2842 eodem
1767 2820 1905 2852 t-pore

198 2845 262 2876 Ubi
278 2846 360 2876 enim
376 2848 513 2888 ejusdem
525 2848 653 2887 penduli
667 2848 873 2879 oscillationes
884 2850 1030 2880 tardiores
1074 2851 1326 2883 absolvendarum
1351 2858 1424 2883 sunt
1448 2852 1481 2882 in
1511 2853 1665 2892 reciproca
1689 2852 1906 2895 subduplicuti

196 2894 277 2923 sunt,
295 2890 451 2929 gravitatis
466 2891 556 2928 actio,
580 2891 696 2922 caeteris
710 2892 842 2930 paribus,
858 2892 961 2922 minor
975 2899 1030 2930 est,
1074 2894 1189 2924 ratione
1215 2894 1446 2935 longitudinum
1474 2895 1692 2935 pendulorum,
1723 2903 1755 2928 et
1782 2895 1905 2928 numeri

197 2939 270 2960 cum
286 2931 316 2960 in
333 2931 441 2962 eodem
457 2933 594 2972 pendulo
605 2933 741 2973 pondera
754 2933 816 2964 sint
829 2934 982 2973 reciproce
997 2941 1032 2965 ut
1075 2936 1304 2967 oscillationum
1335 2937 1367 2967 in
1402 2937 1524 2968 duobus
1558 2938 1702 2977 pendulis
1737 2938 1906 2980 aecjunlibu·

198 2971 347 3012 quadrata
370 2980 542 3013 temporum
560 2982 628 3015 (per
645 2976 716 3006 Cor.
734 2976 790 3016 5.).
841 2977 900 3007 Sed
925 2977 965 3007 de
986 2977 1033 3007 his
1075 2985 1167 3009 erunt
1183 2979 1221 3009 in
1240 2978 1454 3019 subduplicate
1474 2980 1591 3011 ratione
1611 2980 1722 3012 virium
1736 2980 1901 3022 gravitatis

198 3013 289 3055 plura
299 3014 338 3044 ad
351 3015 443 3055 Prop.
459 3017 540 3047 XX.
559 3018 627 3048 Lib.
644 3018 713 3049 111.
728 3018 879 3050 dicentur.
907 3019 1034 3055 Quanta
1079 3021 1160 3051 Haec
1174 3027 1220 3052 est
1233 3021 1340 3063 regula
1353 3031 1446 3063 quam
1458 3023 1496 3053 ad
1511 3023 1729 3062 comparandas
1743 3032 1906 3062 corporum

199 3061 305 3087 autem
321 3056 353 3086 in
365 3057 425 3087 illis
434 3060 650 3100 experimentis
664 3059 838 3092 adhibenda
851 3061 890 3092 sit
903 3061 1035 3102 diligen·
1078 3064 1241 3102 gravitates
1254 3063 1347 3095 tradit
1359 3064 1433 3097 Joh.
1455 3065 1615 3097 Bernoulli
1630 3065 1663 3098 in
1679 3065 1768 3098 Actis
1778 3064 1903 3097 Erudit.

199 3099 253 3136 tia,
276 3099 373 3130 claris.
395 3100 438 3131 D.
456 3100 495 3131 de
512 3101 636 3133 Mairan
652 3102 688 3133 ei
703 3103 764 3143 que
779 3103 855 3134 solet
870 3104 1036 3143 perspicui·
1082 3105 1164 3146 Lips.
1181 3116 1230 3137 an.
1248 3108 1339 3139 1713.
