2066 3548
134 241 282 283 Lim-:R
305 240 520 292 Saeuum]
581 237 900 283 PRINCIPIA
942 237 1438 280 MATHEMATICA.
1783 243 1837 280 95

131 393 224 419 rum
243 377 538 433 particularum
558 378 597 420 E
617 379 663 420 D
676 378 705 419 d
718 393 742 419 e
760 375 1019 418 uniformiter
1038 385 1260 427 crescente,
1283 377 1484 419 decrescit
1633 379 1677 418 in
1696 378 1840 420 eadem

131 491 289 533 ratione
309 506 403 532 cum
421 491 647 533 velocitate.
707 491 755 546 (⁰)
776 490 888 531 Nam
903 476 1213 531 decrementum
1231 487 1459 531 velocitatis
1486 499 1548 531 est
1573 497 1621 531 ut
1648 490 1839 531 resisten-

130 563 200 613 tia,
220 563 301 604 hoc
316 571 378 604 est
399 566 490 618 (per
512 561 796 618 Hypothesin)
817 568 864 602 ut
883 575 1044 603 summa
1063 561 1239 602 duarum
1260 562 1545 617 quantitatum,
1568 575 1742 617 quarum
1755 575 1839 602 una

130 665 193 700 est
208 666 258 700 ut
277 658 484 708 velocitas,
506 658 633 699 altera
653 665 701 699 ut
719 657 968 712 quadratum
986 657 1212 699 velocitatis
1223 673 1235 707 ;
1257 664 1298 698 et
1316 657 1447 711 ipsius
1469 637 1577 741 GAED
1597 657 1840 698 decremen-

912 764 1016 824 ,Ξ-
1036 795 1078 830 et
1128 758 1165 799 C
1187 758 1231 800 G

909 827 951 869 G
971 826 1017 868 D
1098 826 1143 868 G
1162 826 1207 867 D
1228 841 1256 882 q

132 906 240 1010 &LI-3-
559 899 714 1010 G—-CDG
738 938 801 972 est
819 936 867 972 ut
946 905 964 940 1
1055 944 1066 970 z
1100 928 1277 983 proinde
1308 928 1359 984 (‘¹)
1395 905 1504 978 -—1—‚
1537 929 1592 970 ob
1621 927 1842 984 analogum

688 983 715 1023 q
888 968 932 1010 G
951 967 996 1009 D
1017 982 1045 1023 q
1383 967 1426 1008 G
1446 967 1491 1008 D

130 1056 450 1109 decrementum,
482 1065 543 1122 est
562 1065 609 1098 ut
627 1057 832 1099 velocitas.
892 1056 950 1098 Et
969 1056 1003 1097 si
1023 1055 1230 1112 quantitas
1253 1055 1296 1098 G
1316 1055 1375 1106 D,
1403 1055 1483 1110 ipsi
1506 1031 1614 1135 G—ls)
1630 1054 1842 1110 reciproce

129 1166 462 1221 proportionalis,
504 1165 729 1222 quantitate
760 1165 855 1206 data
894 1165 931 1206 C
967 1165 1010 1207 G
1045 1171 1264 1221 augeatur3
1306 1178 1466 1205 summa
1500 1163 1536 1205 C
1566 1164 1626 1213 D,
1656 1171 1844 1218 tempore

130 1237 172 1279 A
194 1237 232 1278 B
254 1237 292 1278 E
312 1238 357 1279 D
384 1237 644 1278 uniformiter
673 1244 894 1286 crescente,
933 1236 981 1291 (Β)
1004 1244 1159 1276 crescet
1187 1235 1231 1275 in
1259 1234 1549 1291 progressione
1578 1234 1842 1290 geometrica.

132 1310 188 1360 Q.
210 1325 247 1352 e.
269 1309 310 1351 d.

190 1382 321 1422 Corol.
346 1386 384 1421 1.
432 1380 568 1436 Igitur
589 1380 636 1430 si,
669 1379 775 1420 datis
794 1378 959 1434 punctis
980 1378 1034 1428 A,
1059 1378 1114 1427 G,
1147 1385 1380 1434 exponatur
1408 1385 1572 1432 tempus
1600 1392 1677 1432 per
1706 1391 1844 1418 aream

129 1450 440 1507 hyperbolicam
461 1450 502 1490 A
525 1450 562 1491 B
584 1449 622 1490 E
642 1450 700 1499 D,
725 1447 769 1503 (f)
792 1449 942 1502 exponi
965 1455 1102 1503 potest
1122 1447 1315 1490 velocitas
1334 1462 1412 1502 per
1440 1448 1570 1502 ipsius
1602 1448 1645 1490 G
1666 1447 1711 1489 D
1739 1447 1845 1489 reci-

360 1528 379 1563 1

315 1579 438 1633 G—D'

195 1665 247 1720 (ἕ)
273 1665 403 1706 Corol.
425 1668 464 1704 2.
501 1662 714 1705 Sumendo
733 1669 871 1704 autem
894 1660 938 1703 G
959 1661 999 1702 A
1020 1660 1074 1702 ad
1096 1660 1139 1703 G
1160 1661 1204 1703 D
1225 1667 1271 1702 ut
1290 1660 1515 1703 velocitatis
1536 1659 1748 1715 reciproca
1769 1659 1847 1701 sub

133 1738 263 1788 initio,
286 1737 340 1778 ad
358 1737 585 1779 velocitatis
606 1737 861 1791 reciprocam
888 1735 932 1775 in
961 1735 1044 1775 fine
1074 1734 1271 1789 temporis
1301 1734 1482 1789 cujusvis
1509 1734 1551 1774 A
1572 1733 1610 1774 B
1633 1733 1670 1773 E
1692 1732 1751 1782 D,
1782 1732 1846 1772 in-

133 1808 322 1850 venietur
355 1817 556 1864 punctum
587 1809 643 1850 G.
703 1807 769 1849 Eo
798 1814 937 1848 autem
966 1806 1146 1856 invento,
1180 1805 1375 1847 velocitas
1396 1820 1450 1847 ex
1469 1805 1568 1847 dato
1588 1804 1735 1861 quovis
1765 1803 1848 1845 alio

135 1888 322 1934 tempore
342 1879 516 1920 inveniri
534 1886 683 1934 potest.

130 797 219 831 tum
249 796 310 832 est
337 797 385 831 ut
413 803 574 856 summa
603 789 878 844 quantitatum
1257 817 1269 838 ,
1303 803 1480 844 quarum
1513 787 1630 843 prior
1659 796 1722 829 est
1752 788 1842 842 ipsa

241 961 254 981 ,
276 939 317 972 et
334 931 538 987 posterior

130 1567 300 1608 procam

181 1991 226 2032 (ο)
246 1994 330 2024 Nam
341 1995 568 2024 decrementum
582 1992 750 2028 velocitatis,
767 1989 838 2021 dato
853 1995 972 2030 tempo-
1047 1993 1063 2020 1
1115 2028 1161 2035 —
1236 2015 1244 2022 .
1385 2016 1394 2023 .
1602 2017 1610 2024 .
1762 2015 1771 2022 .
1801 2015 1809 2022 .

138 2035 181 2065 ris
193 2041 362 2073 momento,
378 2041 420 2066 est
434 2042 469 2066 ue
483 2036 649 2066 resistentia
668 2034 750 2075 (15).
1027 2031 1097 2039 ““““
1115 2038 1160 2045 “-
1174 2026 1204 2054 ⁰2
1220 2026 1284 2046 ”ve
1299 2014 1442 2047 “¹⁰⁰¹OE
1455 2014 1544 2046 ”uua
1557 2018 1612 2048 ΠΜ
1630 2017 1661 2048 G
1678 2016 1712 2047 D
1728 2022 1786 2046 em
1799 2026 1848 2045 ω’

1019 2043 1049 2073 G
1067 2043 1100 2073 D

184 2117 228 2159 (ὖ)
252 2118 270 2135 ”
302 2095 389 2175 Gsslj,
409 2118 443 2148 ob
471 2119 637 2156 analogum
662 2118 895 2152 decrementum,
927 2121 971 2146 est

140 2192 176 2217 ut
189 2188 337 2218 velocitas.
363 2186 396 2216 Si
411 2185 492 2216 enim
507 2185 641 2216 duarum
656 2184 862 2225 quantitatum
871 2183 972 2214 fluen-

140 2230 221 2260 tium
235 2230 424 2259 incrementa
438 2228 487 2258 vel
501 2228 695 2258 decrementa
709 2226 782 2257 dato
795 2233 972 2265 tempuscu-

140 2273 173 2302 lo
186 2272 335 2310 producta
349 2270 480 2310 anal-oga
501 2270 572 2307 sint,
591 2280 699 2300 eorum
713 2269 974 2299 incrementorum

141 2314 191 2344 vel
215 2314 482 2345 decrementorum
507 2323 639 2343 summae
663 2322 719 2342 seu
747 2311 877 2342 fluentes
897 2311 972 2350 ipsae

142 2357 181 2387 ab
195 2357 303 2387 eodem
318 2356 406 2386 initio
419 2361 560 2395 sumptae,
575 2361 649 2385 sunt
663 2353 802 2396 analogae
818 2356 886 2396 (per
898 2355 969 2385 Cor.

144 2400 235 2430 Lem.
254 2399 316 2430 1v.
335 2398 406 2429 Lib.
427 2398 483 2438 1.).

146 2456 400 2539 ng²)1:)Cr{scet
415 2457 450 2487 in
459 2456 664 2496 progressione
679 2453 859 2496 geometrica
884 2455 970 2495 (380.

188 2554 229 2595 (f)
253 2556 270 2574 '³
289 2556 410 2594 Ezponi
428 2560 525 2595 potest
545 2556 680 2586 velocitas
695 2565 754 2594 per
775 2554 868 2594 ipsius
899 2554 927 2584 G
940 2554 975 2584 D

145 2623 328 2661 reciprocam
342 2640 434 2680 U).
484 2620 577 2653 Unde
591 2628 676 2661 patet
689 2622 880 2653 velocitatem
895 2631 973 2652 non-

146 2690 206 2721 nisi
227 2696 364 2731 tempore
383 2690 506 2722 infinito
519 2691 660 2733 extingui
674 2701 772 2731 posse,
789 2693 806 2711 ³*
820 2690 878 2721 erit
891 2690 974 2721 enim

1014 2084 1113 2119 finita.
1139 2091 1214 2115 tunc
1228 2091 1332 2115 autem
1348 2095 1419 2115 area
1442 2086 1471 2116 Β
1491 2086 1520 2115 Α
1539 2085 1572 2115 D
1589 2086 1620 2116 E
1642 2095 1712 2125 quae
1726 2091 1849 2124 tempus

1013 2127 1158 2167 exprimit
1172 2127 1293 2157 infinita
1306 2127 1400 2158 etiam
1414 2134 1469 2165 est,
1485 2138 1524 2158 ex
1539 2127 1651 2158 natura
1662 2127 1847 2168 hyperboiae.

1058 2182 1104 2224 (⁸)
1122 2184 1139 2202 e
1159 2184 1253 2214 Corol.
1272 2186 1302 2212 2.
1339 2183 1499 2213 Punctum
1523 2185 1554 2213 A
1574 2183 1614 2213 ad
1628 2183 1786 2213 arbitrium
1802 2193 1849 2212 as-

1016 2225 1149 2254 sumitur
1173 2225 1206 2254 in
1231 2230 1405 2265 asymptoto
1428 2225 1455 2255 C
1474 2226 1505 2255 R.
1526 2231 1558 2255 et
1579 2231 1736 2263 assumpto
1757 2225 1849 2255 etiam

1016 2267 1124 2307 quovis
1145 2273 1261 2306 puncto
1278 2267 1311 2297 D
1326 2273 1362 2297 ut
1375 2277 1447 2297 area
1463 2267 1494 2297 A
1512 2267 1541 2297 B
1559 2267 1589 2297 E
1609 2267 1640 2297 D
1656 2273 1779 2305 tempus
1793 2266 1850 2296 da-

1016 2315 1085 2339 tum
1110 2316 1253 2348 exponat,
1281 2309 1324 2339 ita.
1345 2309 1614 2340 determinandum
1636 2315 1682 2339 est
1698 2316 1852 2348 punctum

1021 2352 1061 2388 G,
1077 2358 1113 2382 ut
1126 2351 1165 2382 sit
1183 2353 1213 2382 G
1232 2355 1261 2382 A
1277 2352 1316 2382 ad
1335 2351 1365 2382 G
1384 2353 1426 2387 D,
1450 2358 1487 2382 ut
1507 2351 1675 2382 velocitatis
1697 2352 1852 2390 reciproca

1017 2395 1075 2424 sub
1089 2394 1178 2424 initio
1193 2394 1233 2425 ad
1247 2394 1416 2425 velocitatis
1429 2395 1616 2434 reciprocam
1637 2394 1671 2423 in
1689 2393 1752 2423 fine
1773 2400 1852 2423 tem-

1017 2436 1100 2476 poris
1122 2437 1257 2478 cujusvis
1283 2437 1316 2467 A
1342 2438 1370 2467 B
1388 2437 1418 2467 E
1438 2438 1479 2474 D,
1506 2436 1591 2477 quod
1616 2446 1671 2476 per
1695 2435 1799 2466 Corol.
1821 2439 1849 2466 1.

1018 2479 1124 2519 liquet.
1173 2479 1306 2510 Invento
1327 2486 1431 2510 autem
1445 2486 1562 2518 puncto
1579 2480 1620 2515 G,
1636 2489 1673 2509 ex
1686 2478 1758 2509 dato
1771 2488 1851 2518 quo-

1018 2522 1065 2552 vis
1078 2521 1140 2552 alio
1153 2528 1291 2561 tempore
1305 2522 1389 2562 quod
1399 2533 1428 2552 v.
1446 2532 1492 2562 gr.
1511 2522 1550 2552 sit
1564 2522 1603 2552 ad
1617 2529 1740 2560 tempus
1753 2518 1856 2560 primo

1019 2564 1127 2594 datum
1141 2571 1177 2595 ut
1191 2575 1259 2595 area
1278 2565 1309 2594 A
1328 2566 1356 2595 B
1374 2565 1395 2595 S
1415 2565 1458 2602 R,
1481 2565 1521 2595 ad
1535 2575 1637 2595 aream
1661 2565 1691 2593 A
1712 2564 1738 2593 B
1756 2563 1787 2594 E
1807 2563 1852 2599 D,

1019 2606 1142 2637 dabitur
1157 2607 1299 2637 velocitas
1313 2617 1383 2647 quae
1398 2607 1455 2637 erit
1469 2606 1621 2645 reciproce
1636 2612 1675 2637 ut*
1689 2605 1720 2636 G
1740 2605 1781 2641 R,
1797 2615 1854 2636 seu

1017 2659 1087 2689 quae
1102 2649 1160 2679 erit
1173 2649 1211 2680 ad
1228 2650 1419 2681 velocitatem
1435 2651 1493 2681 sub
1506 2649 1595 2680 initio
1610 2649 1643 2679 in
1659 2648 1703 2687 A,
1718 2653 1756 2679 ut
1772 2648 1804 2680 G
1822 2649 1854 2679 A

1016 2691 1056 2722 ad
1075 2692 1107 2723 G
1125 2692 1156 2723 R
1167 2691 1280 2724 datam.
