2066 3548
148 276 294 320 Lum'n
315 273 532 327 Sscniim]
595 274 912 320 PRINCIPIA
949 275 1434 344 MATHEMAUCA.
1747 285 1822 324 121

143 392 300 457 positoz
313 389 366 445 (ἱ).
377 397 425 456 ut
435 389 566 437 medii
584 387 783 445 propositi
801 387 979 431 densitas
996 387 1214 446 mediocris
1226 389 1331 431 inter
1342 389 1419 431 hos
1431 388 1604 431 circulos
1623 390 1676 431 ad
1687 392 1825 443 medii,

143 462 197 504 de
213 468 296 518 quo
314 460 499 516 egimu5‚.
517 459 758 502 densitatem
785 458 1034 500 mediocrem
1048 458 1168 501 'inter
1186 459 1353 503 eosdem
1372 458 1494 516 quam
1511 459 1722 514 proxime:
1754 462 1826 503 sed

144 539 187 573 et
204 532 248 572 in
266 530 410 572 eadem
429 544 592 586 quoque
610 528 767 570 ratione
786 543 874 570 esse
903 535 1116 578 secantem*
1136 529 1276 586 anguli
1305 544 1388 586 quo
1416 529 1575 586 spiralis
1606 530 1824 585 praefinita,

139 592 340 652 i'1‘1medio
359 597 412 642 de
431 614 513 656 quo
541 599 712 656 egimuS,
743 605 853 640 secat
870 599 1033 640 radium
1052 599 1094 641 A
1115 599 1158 649 S,
1188 599 1242 640 ad
1262 607 1463 642 secantem
1483 599 1623 659 anguli
1641 615 1724 656 quo
1743 601 1826 656 spi-

140 671 237 714 ralis
254 685 362 712 nova
389 677 499 712 secat
525 668 686 710 radium
712 668 888 710 eundem
906 669 949 710 in
969 669 1105 711 medio
1133 670 1366 725 proposito:
1398 671 1460 726 (¹¹³)
1481 680 1602 727 atque
1629 671 1751 713 etiam
1779 681 1827 715 ut

140 750 236 784 sunt
268 741 506 784 eorumdem
542 740 787 797 angulorum
824 748 1039 798 tangentes
1076 741 1135 783 ita
1171 757 1260 784 esse
1297 757 1489 784 numeros
1526 743 1826 786 revolutionum

139 812 323 855 omnium
340 812 447 853 inter
465 811 639 852 circulos
658 811 824 853 eosdem
844 810 949 853 duos
968 826 1090 868 quam
1109 811 1310 867 proxime.
1371 814 1423 868 (¹²)
1440 814 1485 856 Si
1503 814 1594 855 haec
1612 815 1714 856 fiant
1730 829 1825 870 pas-

139 883 216 925 sim
234 883 340 924 inter
358 882 531 923 circulos
549 881 683 930 binos,
705 882 1011 924 continuabitur
1028 891 1164 925 motus
1182 897 1258 938 per
1277 883 1451 926 circulos
1472 899 1627 926 omnes.
1685 885 1825 941 Atque

136 954 217 995 hoc
235 961 357 1009 pacto
375 953 488 994 haud
507 953 723 995 difficulter
741 954 955 1010 imaginari
972 968 1188 1009 possumus
1209 955 1356 1010 quibus
1369 956 1501 998 modis
1514 970 1561 998 ac
1573 958 1825 1012 temporibus

137 1038 312 1079 corpora
329 1024 374 1065 in
391 1023 530 1065 medio
549 1038 794 1080 quocunque
811 1023 990 1080 regulari
1007 1024 1147 1081 gyrari
1166 1024 1387 1067 debebunt.

197 1095 328 1135 Corol.
339 1100 378 1136 9.
400 1093 458 1135 Et
468 1093 651 1150 quamvis
661 1101 796 1136 motus
811 1094 1031 1135 excentrici
1045 1094 1089 1135 in
1104 1095 1320 1150 spiralibus
1339 1097 1387 1151 (⁰)
1396 1096 1450 1138 ad
1463 1095 1635 1138 formam
1647 1097 1825 1140 ovalium

135 1166 423 1209 accedentibus
442 1173 691 1224 peragantur
701 1182 714 1216 3
746 1174 884 1208 tamen
914 1166 1184 1222 concipiendo
1217 1167 1427 1223 spiralium
1453 1168 1615 1211 illarum
1644 1169 1824 1226 singulas

134 1236 408 1280 revolutiones
427 1236 573 1278 iisdem
587 1236 640 1278 ab
658 1236 834 1278 invicem
852 1237 1072 1279 intervallis
1100 1238 1264 1288 distare,
1296 1238 1520 1295 iisdemque
1547 1239 1742 1296 gradibus
1770 1240 1826 1281 ad

135 1316 321 1350 centrum
353 1307 548 1349 accedere
577 1321 672 1357 cum
700 1307 840 1363 spirali
868 1308 1055 1363 superius
1083 1308 1300 1364 descripta,
1337 1310 1389 1364 (P)
1410 1309 1681 1366 intelligemus
1702 1311 1825 1352 etiam

134 1379 341 1437 quomodo
360 1386 494 1419 motus
514 1391 734 1433 corporum
752 1378 796 1419 in
814 1377 1053 1433 hujusmodi
1074 1379 1290 1433 spiralibus
1309 1387 1570 1436 peragantur.

427 1491 799 1535 PROPOSITIO
829 1491 953 1533 XVI.
1011 1489 1368 1534 THEOREMA‘
1397 1489 1530 1535 XIII.

132 1580 179 1622 Si
189 1578 309 1619 medii
320 1576 494 1636 densitas
506 1575 549 1616 in
563 1574 658 1616 locis
668 1574 832 1629 singulis
842 1575 896 1616 sit
909 1572 1106 1629 reciproce}
1118 1580 1163 1615 ut
1175 1575 1369 1618 distantia
1384 1577 1551 1616 locorum
1564 1589 1591 1616 a
1605 1581 1738 1616 centro
1749 1575 1823 1616 im-

187 1650 334 1700 mobili,
354 1655 481 1703 sthue
499 1647 558 1689 vis
575 1648 794 1701 centripeta
812 1644 1010 1700 reciproce
1022 1653 1068 1688 ut
1086 1648 1265 1702 dignitas
1284 1647 1466 1702 quaelibet
1484 1646 1650 1701 q‘usdem
1668 1648 1822 1688 distan-

187 1720 258 1760 tiae
273 1737 286 1760 .·
316 1720 404 1774 dico
422 1718 527 1772 quod
543 1730 684 1771 corpus
696 1717 844 1772 gyrari
853 1722 987 1774 potest
1004 1716 1049 1757 in
1066 1717 1211 1772 spirali
1238 1730 1326 1772 quae
1352 1717 1488 1760 vadios
1499 1732 1627 1759 omnes
1645 1732 1672 1758 a
1690 1723 1824 1758 centro

188 1793 260 1833 illo
279 1792 411 1833 ductos
431 1792 638 1833 intersecat
655 1790 701 1830 in
719 1789 866 1844 angulo
887 1789 996 1830 dato.

170 1874 490 1917 Denmnstratur
501 1871 735 1914 efidemme-

131 1943 262 1987 thodo
271 1959 366 1986 cum
375 1942 661 1999 Propositione
668 1957 737 1984 su-

131 2016 306 2070 periore.
364 2015 474 2056 Nam
499 2013 534 2057 si
552 2013 612 2057 vis
641 2028 735 2055 cen·

133 2086 282 2141 tripeta
307 2085 352 2126 in
382 2085 418 2127 P
447 2084 500 2126 sit
527 2082 736 2138 reciproce

132 2165 181 2200 ut
199 2156 401 2198 distantiae
424 2155 454 2197 S
476 2154 525 2205 P,
557 2154 735 2211 dignitas

134 2227 325 2284 quaelibet
339 2227 368 2268 S
386 2226 421 2267 P
438 2231 458 2249 ¹²
473 2224 530 2254 Ἠ
547 2225 661 2281 cujus
673 2224 737 2265 in-

133 2297 216 2339 dex
235 2304 296 2338 est
313 2311 343 2337 n
364 2303 406 2348 -Ι-
430 2302 448 2338 1
467 2313 478 2338 z
501 2297 552 2351 (⁹)
569 2295 736 2351 collige-

134 2375 202 2410 tur
220 2375 268 2410 ut
278 2382 414 2422 supra,
435 2366 548 2423 quod
558 2373 734 2421 tempus,

134 2452 219 2495 quo
258 2453 407 2494 corpus
446 2437 640 2481 describit
669 2451 738 2478 ar-

133 2523 229 2550 cum
247 2509 430 2565 quemvis
451 2509 487 2550 P
508 2508 551 2558 Q
562 2523 573 2557 3
593 2507 672 2550 erit
690 2514 737 2549 ut

134 2579 295 2630 PQ><
327 2570 523 2628 Psi¹²3
554 2578 735 2621 etresis-

177 2676 218 2719 (¹)
234 2678 253 2697 ⁸
275 2678 317 2708 Ut
329 2677 421 2708 medii
435 2676 579 2717 proponti
596 2676 726 2707 densitas
749 2674 819 2715 (per
834 2673 905 2705 Cor.
922 2677 952 2704 6.
1040 2672 1085 2714 (⁰)
1103 2675 1120 2692 ¹⁹
1138 2674 1190 2704 Ad
1202 2673 1346 2714 formam
1370 2674 1499 2705 ovalium
1524 2672 1735 2707 accedentibus,
1757 2671 1814 2702 bc.

133 2718 242 2760 hujus)
266 2718 467 2758 supponendo
490 2717 615 2756 spitales
638 2715 872 2756 logarithmims
903 2724 958 2754 per
1000 2714 1081 2746 Sum
1094 2715 1178 2746 euim
1189 2715 1313 2755 spii-ales
1326 2725 1456 2756 quarum
1471 2713 1674 2745 revolutiones
1687 2713 1819 2756 singulae

133 2767 250 2801 puncta
263 2761 303 2795 A,
319 2761 358 2796 B,
375 2760 410 2796 C,
423 2760 468 2796 D,
482 2759 516 2789 in
526 2765 656 2799 utroque
666 2758 768 2789 medio
782 2757 953 2797 descriptas-
998 2757 1062 2788 fere
1082 2757 1282 2789 concentricae
1302 2763 1375 2787 sunt
1389 2763 1420 2787 et
1433 2757 1470 2786 ad
1485 2756 1615 2785 formam
1633 2754 1819 2785 circulomm

177 2802 257 2845 (ω).
267 2802 367 2842 Atqu&
373 2795 653 2837 etiamutsunt]&c.
674 2800 735 2830 Per
743 2800 813 2830 Cor.
819 2799 955 2839 6.hujus.
999 2799 1169 2837 accedunt3
1185 2798 1313 2829 aliarum
1328 2799 1531 2828 revolutiones
1545 2796 1692 2828 accedunt
1703 2796 1743 2828 ad
1755 2797 1819 2830 for·

176 2845 224 2888 (¹¹)
241 2847 259 2864 ὓ
275 2846 308 2875 Si
326 2846 389 2875 hoec
399 2845 485 2891 fiant
501 2845 614 2883 passim
627 2844 707 2873 inter
721 2843 847 2872 circulos
860 2842 952 2879 binos,
994 2851 1080 2871 mam
1104 2841 1239 2881 ovalium
1263 2847 1368 2871 centro
1389 2840 1507 2879 spirans
1526 2849 1583 2879 pro
1610 2838 1750 2879 ellipseos
1768 2839 1819 2871 vel

131 2886 304 2917 invenietur
317 2885 351 2915 in
363 2885 466 2915 medio
479 2884 614 2926 regulari
623 2884 673 2914 lex
688 2882 751 2924 qua
765 2888 868 2914 motus
882 2892 955 2913 con·
996 2883 1091 2914 uvalis
1104 2883 1174 2913 foco
1187 2889 1319 2922 accepto.

131 2926 303 2960 tinuahi'tur
316 2937 370 2967 per
379 2927 508 2959 circulos
518 2936 634 2963 omnes
650 2936 716 2964 seu,
730 2925 811 2955 inter
823 2925 953 2956 circulos
1035 2926 1082 2967 (Ρ)
1100 2928 1116 2944 ⁸
1133 2927 1337 2965 Intelligemus
1356 2925 1447 2955 etiam
1469 2925 1519 2965 (ut
1532 2922 1567 2953 in
1582 2922 1654 2955 Cor.
1673 2922 1721 2963 8.)
1743 2934 1819 2964 quo-

131 2980 248 3007 omnes,
274 2968 533 3010 quemadmodum
552 2967 684 2999 inventis
703 2966 853 3007 prioribus
866 2966 954 2998 seriei
995 2967 1091 3004 madh,
1106 2967 1153 2997 &c

130 3012 280 3054 regularis
300 3010 446 3047 terminis,
469 3011 663 3052 cognoscitur
675 3010 726 3042 lex
739 3007 803 3052 quii
816 3009 869 3040 illa
881 3018 953 3050 pro-
1036 3005 1083 3050 (‘¹)
1101 3012 1118 3030 ⁰
1137 3010 1295 3048 caligetur
1314 3013 1352 3039 ut
1372 3006 1478 3048 supra,
1503 3007 1560 3038 &a
1607 3007 1821 3048 Quaecumque

129 3055 279 3096 graditur,
294 3052 384 3096 121tu
397 3055 451 3089 boc
459 3058 558 3093 paceo,
569 3053 624 3084 &c-
982 3051 1078 3083 ¹enim
1099 3050 1138 3082 sit
1157 3050 1203 3081 vis
1223 3049 1402 3090 centripeta,
1425 3049 1480 3081 illa
1492 3054 1539 3081 est
1551 3048 1591 3080 ad
1604 3049 1666 3081 vim
1680 3048 1821 3080 resisten-
