2066 3548
265 271 346 310 816
680 262 1127 308 PHILOSOPHIAE
1158 261 1518 306 NATURALIS
1603 260 1746 313 [Mor.
1769 258 1965 301 Conmn.

259 385 361 420 nant
378 377 489 425 inter
505 392 560 419 se.
621 377 691 420 Sic
710 377 754 418 in
771 375 976 432 principio
996 376 1102 433 signi
1122 374 1320 432 Virginis,
1356 373 1430 415 ubi
1459 372 1668 428 aphelium
1699 370 1857 413 Martis
1874 360 1965 426 firm

259 457 457 500 versatur,
488 450 678 491 distantia
697 449 804 491 inter
823 449 942 491 orbes
965 448 1115 491 Martis
1134 456 1176 490 et
1195 448 1370 491 Veneris
1390 455 1451 489 est
1470 446 1525 488 ad
1539 445 1781 488 ⁴distantiam
1808 457 1961 486 eorun-

260 521 357 562 dem
389 520 552 562 orbium
582 520 625 560 in
654 519 859 574 principio
887 519 994 576 signi
1024 518 1205 560 Piscium
1224 526 1271 559 ut
1289 517 1367 560 tria
1387 517 1440 558 ad
1460 516 1545 558 duo
1565 516 1738 567 circiter,
1773 522 1814 557 et
1832 529 1973 570 prop-·

258 599 372 632 terea
404 590 575 631 materia
608 590 771 631 vorticis
806 590 913 631 inter
945 590 1066 630 orbes
1095 589 1188 630 illos
1216 588 1261 629 in
1288 587 1492 643 principio
1515 587 1696 629 Piscium
1719 586 1843 631 debet
1871 598 1961 630 esse

257 663 438 704 velocior
458 662 581 720 quaim
601 663 644 704 in
663 663 865 720 principio
885 662 1066 718 Virginis
1088 661 1135 716 (Γ)
1153 661 1195 702 in
1210 661 1369 702 ratione
1384 660 1507 701 trium
1528 659 1582 701 ad
1601 659 1706 700 duo.
1749 658 1861 706 Nam
1876 671 1960 713 quo

258 738 471 793 angustius
492 745 554 779 est
575 738 753 793 spatium
771 751 847 792 per
867 736 979 792 quod
1009 735 1152 776 eadem
1179 734 1361 779 materiae
1391 733 1594 790 quantitas
1625 732 1772 774 eodem
1799 730 1961 773 revolu-

257 809 379 851 tionis
413 810 535 851 unius
566 817 754 865 tempore
785 808 943 858 transit,
977 822 1027 849 eo
1060 807 1206 862 majori
1238 821 1332 848 cum
1365 805 1582 847 velocitate
1614 805 1789 846 transire
1824 803 1959 845 debet.

258 881 393 937 Igitur
412 882 446 923 si
467 882 600 923 Terra
616 882 660 922 in
678 881 757 922 heic
777 879 946 922 materiei
967 879 1121 922 coelesti
1141 878 1309 921 relative
1338 879 1552 935 quiescens
1573 878 1625 919 ab
1645 877 1693 919 ea
1714 876 1958 927 deferretur,

257 959 298 993 et
329 950 411 993 unzi
445 952 553 993 circa
587 952 725 994 Solem
763 951 1054 1001 revolveretur,
1090 951 1135 1005 (⁸)
1169 949 1276 991 foret
1306 949 1429 1005 hujus
1462 948 1654 990 velocitas
1685 948 1728 989 in
1758 947 1962 1002 principio

258 1022 440 1064 Piscium
456 1023 508 1064 ad
524 1022 707 1078 ejusdem
720 1022 977 1064 velocitatem
989 1022 1032 1063 in
1043 1021 1246 1077 principio
1261 1021 1443 1078 Virginis
1457 1021 1499 1062 in
1511 1021 1669 1062 ratione
1683 1017 1960 1076 sesquialterfi.

257 1093 308 1148 (t)
332 1093 458 1136 Unde
482 1093 589 1135 Solis
609 1101 744 1134 motus
775 1093 945 1140 diurnus
975 1107 1177 1148 apparens
1197 1092 1240 1134 in
1259 1091 1462 1148 principio
1483 1091 1667 1148 Virginis
1695 1091 1827 1146 major
1853 1097 1962 1132 esset

257 1162 380 1219 quem
400 1164 656 1211 minutorum
684 1164 914 1218 primorum
942 1163 1213 1220 septuaginta,
1245 1171 1287 1204 et
1311 1163 1354 1210 in
1380 1162 1584 1218 principio
1616 1161 1798 1203 Piscium
1825 1160 1963 1201 minor

257 1233 380 1290 quzim
401 1234 654 1275 minutorum
669 1221 942 1291 quadraginta
956 1241 1073 1275 octo:
1096 1242 1136 1275 et
1149 1232 1243 1274 cum
1255 1241 1391 1274 tamen
1409 1230 1676 1288 (experientifi
1693 1231 1812 1284 teste)
1833 1227 1962 1286 app'a-
1993 1246 2000 1255 ²

255 1319 351 1345 rens
368 1305 444 1346 iste
464 1305 568 1347 Solis
583 1312 720 1345 motus
735 1305 866 1360 major
880 1305 931 1346 sit
947 1305 990 1345 in
1010 1304 1214 1359 principio
1232 1304 1414 1345 Piscium
1436 1302 1559 1359 quzim
1579 1302 1620 1344 in
1637 1302 1843 1359 principio
1863 1288 1962 1342 Vi'r-

255 1376 376 1432 ginis,
412 1383 454 1417 et
472 1384 693 1430 propterea
714 1377 848 1418 Terra
867 1378 1046 1420 velocior
1065 1378 1108 1419 in
1127 1378 1332 1433 principio
1347 1375 1674 1435 Virginisquzim
1695 1377 1739 1418 in
1758 1375 1963 1431 principio
1999 1409 2003 1417 ,

259 1448 454 1489 Piscium.
520 1450 574 1502 (¹¹)
597 1448 742 1504 Itaque
770 1449 1010 1505 hypothesis
1033 1451 1233 1492 vorticum
1255 1465 1349 1492 cum
1372 1449 1654 1505 phaenomenis
1679 1447 1962 1490 astronomicis

257 1519 426 1559 omnino
444 1525 614 1574 pugnat,
646 1527 687 1559 et
706 1534 791 1559 non
811 1528 895 1560 tam
915 1520 969 1561 ad
989 1521 1255 1576 explicandos
1277 1519 1398 1577 quzim
1418 1520 1472 1561 ad
1491 1519 1795 1575 perturbandos
1825 1519 1962 1571 motus

257 1590 443 1646 coelestes
464 1589 669 1631 conducit.
745 1591 970 1640 Quomodo
998 1592 1097 1634 vero
1123 1599 1259 1635 motus
1289 1592 1355 1634 isti
1384 1592 1429 1632 in
1461 1591 1602 1646 spatiis
1634 1591 1775 1633 liberis
1804 1583 1962 1647 absque

256 1663 479 1704 vorticibus
499 1671 766 1720 peraguntur,
796 1664 970 1722 intelligi
998 1673 1133 1720 potest
1153 1680 1205 1707 ex
1226 1665 1356 1707 Libro
1382 1664 1530 1722 primo,
1556 1660 1603 1706 'et
1621 1658 1665 1705 in
1686 1662 1841 1706 Mundi
1864 1663 1962 1719 Sys-

257 1743 408 1777 temate
426 1735 588 1790 plenius
609 1735 835 1779 docebitur.

1130 1861 1186 1892 x=
1209 1858 1453 1891 u-X=s‘=
1469 1862 1499 1897 2,
1514 1858 1599 1890 unde
1612 1858 1766 1889 invenitur
1781 1847 1961 1899 X=3M

1129 1916 1175 1932 =
1192 1902 1271 1934 707“
1284 1912 1376 1942 quam
1401 1901 1549 1941 proxime,
1574 1911 1610 1932 ac
1634 1900 1762 1940 proinde
1784 1900 1842 1931 erit
1858 1901 1895 1931 M
1912 1900 1957 1942 -Ι-

1135 1946 1170 1975 Χ
1190 1957 1237 1973 =
1259 1943 1360 1975 4255¹¹
1381 1957 1427 1973 =
1450 1943 1498 1974 70¹
1519 1944 1562 1985 †
1580 1943 1647 1979 55⁰,
1675 1950 1706 1973 et
1731 1943 1770 1973 M
1790 1959 1834 1967 —
1857 1942 1889 1973 X
1912 1955 1959 1972 =

1134 1986 1233 2017 2841‘'
1249 1999 1294 2016 =
1309 1985 1358 2017 47¹
1371 1986 1414 2027 ÷
1432 1985 1499 2015 21¹¹.
1548 1984 1636 2026 Ergo
1654 1985 1732 2015 Solia
1752 1991 1856 2016 motus
1875 1983 1960 2015 diur-

1134 2039 1194 2059 nus
1216 2037 1364 2067 apparens
1385 2028 1418 2056 in
1443 2026 1591 2067 principio
1608 2027 1745 2068 Virginis
1764 2027 1862 2068 major
1881 2032 1961 2058 esset

1129 2069 1222 2111 quem
1243 2071 1437 2100 minutorum
1463 2069 1633 2109 primorum
1648 2069 1850 2110 septuaginta,
1873 2075 1906 2100 et
1925 2069 1961 2100 in

1131 2113 1282 2153 principio
1297 2112 1434 2143 Piscium
1446 2113 1547 2142 minor
1556 2111 1648 2152 quem
1659 2111 1850 2142 minutorum
1861 2111 1960 2152 quad.

297 1859 346 1941 c(¹¹5)
363 1861 381 1880 ἢ*
398 1861 441 1891 In
461 1861 577 1891 ratione
597 1861 691 1904 trium
706 1862 747 1890 ad
761 1862 821 1891 duo
844 1861 913 1902 (per
927 1865 989 1891 not.
1008 1861 1086 1899 prie-

260 1911 295 1932 ce
319 1923 325 1930 .
511 1915 518 1921 ·

305 1943 346 1984 (⁸)
363 1945 381 1963 *
398 1945 493 1975 Feret
507 1943 600 1983 hujus
614 1945 759 1975 velocitas.
806 1943 857 1973 Ex
873 1943 1089 1974 observationi-

261 1986 321 2016 bus
343 1986 552 2016 astronomicis
574 1992 693 2016 constat
716 1986 844 2016 Terram
865 1986 945 2016 inter
961 1986 1093 2017 Veneris

263 2033 295 2058 et
310 2028 422 2057 Martis
437 2029 523 2058 orbes
536 2028 664 2067 positam
681 2038 754 2057 esse.
1091 2039 1093 2041 ·

306 2070 348 2111 (²)
378 2072 395 2089 *
427 2069 513 2101 Unde»
529 2072 615 2101 Solis
642 2075 740 2101 motus
769 2072 901 2101 diurnus
926 2081 1083 2111 apparens.

266 2112 333 2142 Hic
361 2117 464 2142 motus
493 2118 538 2142 est
565 2111 699 2152 angulus
722 2122 814 2152 quem
841 2113 903 2148 Sol,
933 2113 1024 2143 radiis
1048 2112 1088 2144 ad

266 2155 395 2184 Terram
417 2153 528 2191 ductis,
557 2154 680 2194 proprio
704 2161 792 2184 motu
816 2157 854 2185 ab
878 2155 1036 2185 occidente
1056 2155 1090 2185 in

263 2197 413 2227 orientem
435 2207 622 2237 unoquoque
643 2196 694 2226 die
715 2196 882 2228 describere
903 2197 992 2228 nobis
1007 2197 1090 2228 vide-

263 2244 326 2274 tur,
353 2249 446 2278 quem
470 2239 596 2279 quidem
625 2239 777 2279 angulum
802 2240 907 2276 Terra,
938 2239 1030 2270 radiis
1050 2239 1091 2270 ad

268 2281 372 2311 Solem
387 2281 497 2317 ductis,
520 2281 552 2310 in
566 2281 723 2322 hypothesi
744 2281 940 2321 Coperniceii,
956 2282 1086 2313 conficit.

269 2321 368 2354 Porro
382 2323 575 2353 notissimum
590 2329 643 2357 est,
659 2323 808 2354 circulum
825 2324 912 2355 illum
927 2334 1020 2364 quem
1038 2324 1091 2355 Sol

265 2365 346 2395 inter
370 2365 447 2395 fixas
471 2372 559 2396 motu
581 2376 686 2396 annuo
709 2366 877 2397 describere
902 2366 1029 2402 videtur,
1052 2368 1092 2398 ab

266 2407 448 2438 astronomis
473 2407 567 2438 dividi
592 2408 626 2438 in
645 2414 744 2447 partes
765 2408 927 2439 duodecim
949 2409 1090 2450 aequales,

266 2460 321 2480 seu
336 2450 425 2490 signa
438 2459 570 2489 quorum
585 2451 650 2481 haec
665 2450 728 2481 duo
744 2451 843 2492 Virgo
857 2457 888 2481 et
905 2451 1007 2482 Pisces
1021 2458 1093 2482 sunt

267 2491 380 2522 directe
394 2492 542 2531 opposita,
568 2491 612 2534 itai
626 2498 662 2523 ut
676 2493 752 2523 dum
769 2493 864 2524 Terra
877 2493 911 2523 in
930 2495 1090 2534 hypothesi

270 2534 442 2573 Copernici,
469 2535 561 2565 estin
575 2534 724 2574 principio
748 2535 895 2573 Piscium,
923 2536 976 2567 Sol
997 2547 1090 2576 appa-

266 2576 378 2607 reatin
392 2576 542 2615 principio
557 2577 697 2618 Virginis
718 2584 748 2608 et
769 2577 885 2609 contre.
935 2578 1017 2609 cum
1032 2579 1090 2619 igi-

266 2625 318 2649 tur
331 2618 488 2659 angularis
511 2619 652 2651 velocitas
669 2619 772 2650 Terrae
794 2620 828 2651 in
849 2620 999 2660 principio
1023 2621 1092 2651 Pis-

267 2661 351 2691 cium
366 2661 406 2692 sit
419 2660 458 2691 ad
479 2662 547 2702 ejus
566 2661 755 2695 velocitatem
769 2663 948 2703 angularem
962 2663 994 2693 in
1009 2663 1092 2703 prin-

267 2703 348 2742 cipio
374 2703 513 2744 Virginis
534 2710 570 2735 ut
584 2708 604 2734 3
618 2704 657 2734 ad
679 2708 709 2741 2,
739 2704 820 2736 Solis
839 2711 942 2735 motus
962 2705 1093 2737 diurnus

267 2755 417 2785 apparens
441 2745 474 2776 in
493 2746 648 2786 principio
664 2747 804 2787 Virginis
825 2753 870 2778 est
890 2747 931 2778 ad
944 2749 1011 2788 ejus
1025 2758 1092 2779 mo-

267 2793 336 2818 tum
350 2794 545 2827 apparentem
560 2789 592 2819 in
608 2789 757 2829 principio
780 2789 919 2820 Piscium
932 2790 965 2820 in
984 2790 1092 2821 eedem

267 2829 384 2860 ratione
398 2834 419 2861 3
434 2830 474 2861 ad
490 2835 518 2862 2.
567 2831 646 2862 Solis
665 2838 768 2862 motus
793 2831 922 2863 diurnus
947 2842 1094 2872 apparens

269 2872 390 2903 medius
411 2878 458 2903 est
478 2873 671 2904 minutorum
696 2874 867 2913 primorum
883 2879 924 2906 59
939 2882 970 2905 et
983 2885 1092 2905 secun-

269 2913 378 2944 dorum
400 2919 428 2950 8.
456 2925 512 2946 seu
533 2916 737 2946 secundorum
752 2920 846 2954 5548,
871 2918 924 2957 qui
946 2927 1094 2948 numerus

268 2954 387 2987 dicatur
402 2957 460 2994 M;
484 2957 578 2998 quare
601 2958 626 2988 si
650 2959 728 2988 Solis
742 2965 844 2989 motus
858 2959 988 2991 diurnus
1001 2969 1094 2999 appa-

268 3007 339 3028 rens
352 2998 385 3028 in
399 3000 548 3039 principio
566 3000 713 3041 Virginis,
730 3008 862 3040 ponatur
874 3014 920 3031 =
938 3002 975 3033 M
989 3003 1032 3043 4-
1049 3002 1092 3038 X,

268 3045 299 3071 et
314 3039 346 3070 in
360 3041 510 3081 principio
534 3042 671 3074 Piscium
685 3056 730 3073 =
748 3043 787 3074 M
800 3061 844 3070 -
861 3045 905 3081 X,
921 3044 979 3075 erit
994 3044 1032 3075 M
1049 3045 1091 3086 -Ι-

1132 2155 1252 2196 raginta
1279 2161 1369 2191 oct03
1402 2153 1475 2184 cum
1504 2160 1606 2184 tamen
1634 2164 1672 2184 ex
1700 2152 1959 2185 observatiombu·

1132 2197 1341 2229 astronomicis
1365 2197 1416 2227 Sol
1434 2196 1466 2226 in
1481 2196 1631 2235 principio
1647 2196 1786 2237 Virginis
1798 2207 1817 2226 e
1832 2196 1959 2228 Tenum

1132 2240 1216 2270 visus
1239 2245 1327 2270 motu
1355 2239 1469 2269 diurno
1497 2239 1647 2269 conficere
1672 2239 1811 2270 videatur
1834 2238 1958 2270 minut·

1132 2283 1231 2322 prima
1245 2286 1286 2313 58
1305 2281 1428 2313 tanturn
1453 2282 1485 2311 in
1508 2281 1656 2321 principio
1680 2281 1818 2312 Piscium
1837 2281 1959 2312 minuta

1132 2325 1232 2365 prima
1246 2328 1288 2356 60
1302 2335 1355 2355 seu
1371 2323 1502 2365 gradum
1517 2334 1627 2355 unum.

1177 2367 1222 2409 (¹³)
1247 2369 1264 2387 ⁰
1281 2369 1390 2407 Itaque
1411 2368 1575 2407 hypothesis
1595 2367 1749 2398 vorticum.
1799 2365 1956 2402 Quoniam

1135 2409 1256 2441 vorticis
1276 2408 1402 2440 materia
1423 2409 1553 2440 circulos
1566 2408 1708 2440 describit
1722 2408 1867 2450 aequawri
1888 2417 1957 2439 vor-

1134 2452 1203 2483 ticis
1229 2451 1399 2492 parallelos,
1432 2460 1555 2482 necesse
1583 2457 1628 2482 est
1657 2454 1726 2492 (per
1753 2451 1832 2481 hunc
1859 2450 1953 2489 Prop.

1133 2495 1255 2534 LIII.)
1279 2500 1316 2524 ut
1338 2493 1468 2532 planetae
1496 2503 1604 2524 omnes
1631 2493 1769 2524 ferantur
1793 2492 1827 2523 in
1850 2492 1956 2524 orbitis

1132 2537 1278 2578 aequatori
1299 2535 1459 2575 parallelis,
1480 2535 1533 2566 sed
1554 2537 1745 2567 observatum
1766 2540 1812 2566 est
1832 2535 1956 2566 nullum

1132 2579 1287 2619 planetam
1312 2579 1344 2618 in
1370 2577 1468 2609 orbitai
1494 2578 1639 2618 aequatori
1663 2577 1808 2618 parallelis
1832 2577 1956 2608 revolu-

1134 2622 1233 2653 tiones
1246 2631 1317 2652 suas
1330 2620 1492 2657 absolvere,
1518 2627 1550 2651 et
1564 2627 1697 2651 cometas
1709 2619 1800 2650 variis
1813 2619 1955 2650 directio-

1134 2665 1226 2694 nibus
1246 2664 1281 2694 in
1304 2673 1411 2694 omnes
1430 2663 1498 2693 coeli
1518 2663 1624 2703 plagas
1644 2662 1723 2692 ferri.
1769 2661 1889 2693 Eadem
1909 2667 1957 2693 ent

1135 2706 1299 2737 difficultas
1318 2705 1345 2736 si
1365 2715 1419 2745 per
1439 2706 1501 2735 vim
1523 2704 1726 2745 centrifugarn
1740 2705 1873 2744 partium
1888 2712 1956 2735 vor-

1124 2749 1203 2779 -ticis
1217 2748 1385 2788 explicetur
1397 2747 1444 2778 vis
1457 2747 1623 2786 centripeta
1636 2758 1689 2777 seu
1702 2747 1833 2787 gravitas
1847 2755 1955 2795 corpo·

1135 2793 1206 2822 rum
1235 2801 1306 2831 quoe
1334 2791 1373 2821 ad
1401 2799 1490 2820 axem
1518 2789 1638 2820 vorticis
1665 2788 1958 2829 perpendiculariter

1134 2833 1260 2864 tendere
1274 2833 1429 2868 deberent.
1453 2842 1515 2863 non
1530 2830 1602 2862 vero
1618 2831 1793 2868 &dvorticis
1814 2838 1955 2862 centrum

1135 2876 1239 2916 dirigi.
1287 2875 1345 2906 Sed
1361 2875 1400 2906 de
1413 2874 1461 2905 his
1475 2873 1543 2905 vide
1561 2874 1640 2904 Acta
1657 2874 1780 2905 Erudit.
1800 2873 1883 2914 Lips-
1902 2883 1954 2904 an.

1139 2922 1229 2948 1686.
1254 2925 1285 2948 et
1311 2921 1424 2955 1695.;
1456 2916 1564 2947 Diaria
1589 2917 1712 2948 Erudit.
1744 2919 1834 2948 1703.
1863 2919 1956 2947 1707.

1139 2961 1347 2991 Monumenta
1374 2958 1467 2990 Acad.
1490 2958 1587 2990 Paris.
1609 2963 1699 2991 1709.
1721 2957 1959 2991 Dissemtiones

1137 3002 1250 3033 clariss.
1268 3002 1410 3044 Hugenii
1425 3008 1456 3033 et
1472 3001 1711 3044 Bulffingeride
1728 2999 1958 3045 CausfipGravi·

1136 3045 1215 3076 tatis.

884 3141 1012 3174 1²1le
1035 3141 1160 3175 ΤΟΜΙ
1193 3141 1415 3173 SECUNDI.
