2066 3548
172 237 320 279 Lmen
342 235 560 287 ὅππη]
611 235 930 280 PRINCIPIA
962 235 1454 282 MATHEMATICA.
1795 248 1877 287 199

168 347 319 391 vertice
341 347 392 398 C,
423 362 502 389 axe
524 348 561 389 C
582 347 623 390 A
642 354 684 389 et
701 347 829 389 latere
847 355 961 388 recto
982 346 1019 388 C
1038 347 1080 388 A
1099 347 1365 403 descriptum,
1399 358 1443 391 et
1470 351 1649 393 solidum
1667 354 1874 407 posterius

169 427 231 460 est
249 417 459 474 cylindrus
477 417 733 473 paraboloidi
752 417 1096 472 circumscriptus,
1119 419 1178 472 (†)
1199 426 1242 460 et
1260 428 1405 461 notum
1425 430 1488 462 est
1507 421 1620 476 quod
1638 424 1873 478 parabolois

175 490 228 530 sit
265 488 442 530 semissis
481 488 656 544 cylindri
694 488 1004 544 circumscripti.
1079 490 1194 547 Ergo
1232 491 1292 532 vis
1330 500 1419 534 tota
1454 493 1582 534 medii
1619 494 1662 535 in
1700 495 1872 551 globum

166 569 229 604 est
254 561 383 616 duplo
412 562 548 603 minor
575 576 698 618 quam
726 561 911 616 ejusdem
938 562 999 603 vis
1028 570 1115 604 tota
1142 563 1186 603 in
1215 564 1459 620 cylindrum.
1520 565 1577 607 Et
1594 576 1815 621 propterea
1834 568 1868 609 si

164 632 377 688 particulae
395 633 520 674 medii
539 633 808 688 quiescerent,
839 640 881 674 et
900 632 1108 688 cylindrus
1127 648 1175 675 ac
1193 634 1342 690 globus
1371 635 1520 690 aequali
1539 650 1634 677 cum
1653 637 1866 680 velocitate

164 710 439 753 moverentur,
468 702 576 744 foret
594 702 823 744 resistentia
840 702 955 759 globi
974 702 1105 758 duplo
1125 704 1261 745 minor
1280 703 1404 760 quzim
1424 706 1654 748 resistentia
1676 707 1866 763 cylindri·

172 774 230 823 Q.
252 788 287 815 e.
308 773 349 814 d.

912 946 1116 988 scholium.

224 1067 275 1122 (q)
298 1064 459 1108 Eiidem
477 1064 674 1107 methodo
694 1064 839 1122 figurae
867 1063 950 1105 illae
978 1065 1085 1106 inter
1104 1079 1147 1106 se
1166 1065 1303 1121 quoad
1331 1066 1604 1108 resistentiam
1634 1068 1866 1122 comparari

164 1148 349 1194 possunt,
386 1153 528 1195 eaeque
555 1138 728 1179 inveniri
748 1152 841 1194 quae
860 1137 914 1178 ad
933 1145 1071 1179 motus
1091 1152 1185 1179 suos
1204 1138 1248 1178 in
1267 1138 1420 1198 mediis·
1431 1139 1712 1181 resistentibus
1732 1140 1864 1181 conti-

163 1253 250 1283 —C
275 1251 347 1288 ΕΞ,
374 1248 504 1291 ideoque
528 1249 563 1280 K
588 1249 715 1286 ch
739 1248 882 1279 H=C
906 1248 990 1286 E²;

164 1293 307 1324 sedsiex
324 1299 439 1332 puncto
457 1290 722 1322 Hducereturad
744 1292 770 1322 C
792 1292 830 1327 A,
854 1290 994 1321 ordinata

1034 1258 1110 1288 quos
1135 1248 1286 1280 describit
1302 1255 1384 1279 recta
1408 1250 1437 1280 P
1452 1249 1502 1286 M,
1528 1251 1586 1280 hoc
1607 1257 1662 1287 est,
1685 1257 1722 1281 ut
1741 1261 1864 1281 summa

1034 1291 1176 1322 omnium
1195 1291 1220 1322 C
1239 1291 1276 1327 P,
1299 1292 1339 1321 ad
1354 1302 1508 1322 summam
1528 1293 1670 1322 omnium
1689 1294 1714 1323 C
1732 1294 1773 1323 A.
1823 1294 1862 1323 ln

163 1332 430 1375 perpendicularis,
457 1335 523 1364 haec
537 1341 615 1364 esset
633 1333 758 1374 aequalis
774 1333 800 1363 C
820 1333 859 1369 E,
887 1339 918 1363 et
938 1334 992 1363 ab-

163 1378 317 1408 scinderet
330 1388 349 1407 a
366 1378 392 1408 C
411 1378 452 1413 A,
467 1383 583 1415 partem
599 1375 748 1416 aequalem
766 1375 796 1405 E
815 1375 858 1404 H.
886 1373 992 1410 Quare

164 1420 379 1460 rectangulum
397 1421 457 1454 ,sub
472 1417 602 1449 abscissa
616 1425 647 1448 et
660 1417 822 1448 datalinea
839 1417 873 1447 K
887 1417 914 1447 C
929 1417 992 1446 sive

169 1463 195 1493 C
213 1463 254 1497 A,
271 1462 387 1502 aequale
402 1468 447 1491 est
460 1461 608 1502 quadrato
621 1460 767 1490 ordinatae
781 1459 820 1489 ad
838 1460 863 1489 C
878 1460 907 1489 A
924 1469 993 1497 per-

164 1503 386 1543 pendicularis3
402 1504 485 1534 unde
500 1513 593 1534 curva
604 1503 630 1533 C
644 1502 679 1532 H
692 1502 733 1538 N,
750 1505 820 1542 (per
831 1501 941 1532 Theor.
959 1501 988 1530 1.

164 1546 203 1577 de
217 1547 337 1586 parab.)
352 1552 398 1576 est
411 1546 553 1585 parabola
563 1545 652 1586 cujus
663 1550 762 1574 vertex
777 1544 816 1580 C,
827 1543 894 1573 axis
907 1543 933 1574 C
946 1543 989 1579 A,

164 1595 197 1619 et
210 1589 291 1619 latus
304 1594 421 1619 rectum
439 1590 466 1619 C
485 1587 525 1618 A.

208 1631 260 1672 (†)
278 1633 296 1651 ¹*
314 1633 358 1662 Ee
373 1637 480 1662 notum
495 1631 636 1670 estquod,
651 1629 707 1659 &c-

208 1677 279 1704 191.
304 1674 443 1704 Lemma.
491 1672 667 1703 Parabolois
680 1681 735 1701 seu
745 1669 878 1700 solidum
892 1679 928 1700 ex
939 1679 988 1700 ro-

163 1715 279 1755 tatione
292 1715 444 1755 parabolae
459 1715 485 1746 C
505 1715 538 1744 H
556 1714 599 1751 N,
614 1713 694 1744 circi
706 1722 795 1743 axem
813 1713 839 1742 C
855 1713 884 1741 A
899 1712 989 1752 geni-

164 1763 233 1787 tum
247 1763 292 1788 est
306 1757 436 1787 semissis
450 1756 580 1797 cylindri
594 1754 822 1792 circumscripti,
844 1755 898 1794 qui
918 1764 990 1793 pro-

164 1799 288 1830 ducitur
308 1809 346 1829 ex
366 1800 518 1830 rotatione
531 1798 700 1838 rectanguli
719 1800 750 1829 A
769 1797 801 1827 K
816 1795 896 1827 circ&
910 1796 990 1826 latus

165 1842 193 1872 C
211 1844 253 1872 A.
288 1842 348 1872 Per
361 1848 510 1880 punctum
524 1841 638 1871 mobile
652 1840 694 1875 P.
709 1838 889 1879 erigaturad
899 1848 989 1869 axem

167 1883 194 1914 C
212 1885 241 1915 A
256 1884 403 1914 normalis
419 1884 446 1914 P
461 1884 510 1920 M,
639 1882 701 1912 lam
721 1891 825 1912 secans
839 1881 873 1910 in
889 1881 935 1915 H,
958 1886 990 1911 et

165 1933 279 1957 rectam
296 1926 330 1956 K
348 1926 379 1957 N
391 1926 424 1956 in
441 1927 498 1964 M;
521 1925 597 1956 etin
612 1925 761 1955 rotatione
775 1924 883 1963 figurae
897 1923 991 1953 totius

160 1968 247 1999 circ&
267 1978 355 1998 axem
384 1969 411 1999 C
430 1969 471 2004 A,
494 1968 584 1998 lineae
600 1968 628 1998 P
644 1967 680 1997 H
703 1973 735 1996 et
757 1966 786 1996 P
802 1966 839 1996 M
861 1965 992 1995 circulos

165 2010 345 2044 describent,
361 2010 415 2050 qui
429 2016 522 2040 erunt
534 2010 614 2040 inter
626 2019 659 2040 se
673 2015 709 2039 ut
722 2008 877 2038 radiorum
896 2007 924 2037 P
941 2008 988 2044 H,

169 2053 189 2083 1
214 2053 251 2083 M
267 2052 423 2092 quadratu,
449 2062 503 2082 seu
524 2054 576 2092 (ex
591 2051 700 2081 nami-ii
714 2050 879 2089 parabolae)
901 2055 933 2079 et
953 2051 993 2079 ob

168 2095 196 2126 P
213 2095 252 2125 Μ
268 2095 363 2124 =-A
381 2094 423 2128 N,
445 2101 483 2124 ut
495 2094 635 2124 abscissae
651 2093 677 2123 C
697 2092 736 2128 P,
753 2092 780 2122 C
798 2092 839 2120 A.
888 2091 997 2121 Duca-

167 2144 218 2169 tur
235 2138 302 2178 jam
323 2143 474 2177 punctum
492 2136 520 2166 P
534 2145 606 2166 cum
627 2133 761 2165 verticuli
786 2133 814 2164 P
830 2133 867 2164 H
883 2133 921 2163 M
943 2143 998 2172 pes

756 2776 866 2834 εἰη

165 2915 263 2941 totam
277 2906 471 2938 altitudinem
487 2906 514 2937 C
531 2906 573 2943 A,
596 2911 629 2936 et
641 2903 774 2935 solidum
789 2913 827 2934 ex
841 2904 993 2935 rotatione

165 2952 276 2993 figurae
301 2950 328 2981 C
346 2949 381 2979 H
397 2949 430 2979 N
455 2948 594 2990 genitum
620 2947 677 2977 erit
697 2946 736 2977 ad
760 2946 934 2984 cylindrum
954 2957 993 2977 ex

163 2993 314 3025 rotatione
328 2990 498 3030 rectianguli
514 2991 540 3022 C
554 2990 588 3020 K
599 2990 631 3020 N
647 2991 677 3020 A
692 2995 805 3023 ortum,
821 2995 857 3018 ut
870 2999 991 3020 summa

160 3036 302 3067 omnium
316 3032 501 3064 circulorum
515 3042 592 3072 quos
604 3038 688 3062 recta
701 3030 823 3060 mobilis
840 3030 868 3061 P
886 3031 919 3061 H
940 3041 988 3061 ro-

158 3078 254 3110 tando
268 3074 420 3112 describit,
436 3074 476 3104 ad
489 3084 642 3106 summm
653 3073 793 3104 omnium
805 3072 989 3104 circulorum

1034 1332 1116 1363 linea
1135 1335 1163 1362 A
1181 1333 1214 1363 N
1254 1334 1391 1372 capiatur
1408 1335 1438 1364 A
1458 1335 1489 1364 R
1504 1334 1628 1374 aequalis
1646 1335 1676 1365 A
1694 1335 1729 1370 C,
1747 1335 1864 1376 junga-

1033 1376 1128 1405 turc
1147 1376 1296 1405 Rsecans
1315 1376 1498 1412 PHinL,
1520 1376 1800 1416 etet-igaturadA
1820 1378 1860 1414 R,

1033 1417 1292 1465 perpendicularis
1310 1418 1340 1448 R.
1358 1418 1400 1453 Q,
1427 1428 1533 1448 secans
1559 1419 1588 1448 P
1603 1419 1642 1448 M
1663 1419 1698 1448 in
1715 1420 1764 1456 V;
1788 1429 1861 1450 cum

1032 1459 1294 1537 ἳζιῗὶῒέἒΡΡῗ
1300 1460 1862 1541 εἶιοΡΡῄ“ρὲῨοῖωοωῗεὶἓὲΞΞέ

1036 1543 1064 1574 C
1081 1543 1124 1579 A,
1139 1549 1186 1573 est
1199 1543 1388 1584 triangulum
1403 1544 1528 1574 isoscele
1544 1545 1570 1576 C
1589 1545 1620 1574 R
1637 1544 1679 1581 A,
1695 1551 1725 1576 et
1739 1555 1862 1575 summa

1032 1585 1172 1616 omnium
1189 1586 1216 1616 C
1228 1587 1269 1620 A,
1286 1596 1340 1616 seu
1357 1586 1386 1617 P
1399 1587 1438 1622 V,
1453 1596 1509 1626 per
1521 1586 1653 1617 eandem
1664 1587 1860 1618 altitudinem

1037 1628 1063 1658 C
1081 1628 1123 1664 A,
1147 1634 1191 1658 est
1215 1627 1400 1667 quadratum
1428 1629 1454 1660 C
1478 1629 1509 1658 A
1534 1629 1567 1659 R
1591 1629 1641 1665 Ως
1670 1639 1743 1659 cum
1764 1629 1861 1669 igitur

1030 1670 1222 1711 triangulum
1230 1670 1256 1701 C
1268 1671 1349 1705 RA,
1359 1671 1399 1701 sit
1406 1670 1537 1700 semissis
1544 1671 1684 1711 quadrati
1696 1671 1722 1702 C
1731 1672 1761 1702 A
1773 1672 1805 1702 R
1814 1672 1857 1708 Q,

1030 1712 1202 1751 parabolois
1228 1719 1274 1742 est
1301 1712 1393 1743 etiam
1421 1712 1552 1743 semissis
1576 1712 1707 1752 cylindri
1728 1713 1859 1744 citcum.

1031 1754 1145 1793 scripti.
1193 1755 1236 1790 Q.
1253 1765 1281 1784 e.
1299 1755 1330 1785 d.

1075 1797 1122 1838 (¹¹)
1147 1800 1218 1828 192.
1251 1795 1373 1839 Eiidem
1395 1799 1539 1834 Mhodo,
1560 1797 1616 1827 &a
1665 1797 1805 1828 Solidum
1819 1807 1858 1829 ex

1030 1839 1180 1869 rotatione
1200 1849 1302 1869 curvae
1323 1839 1458 1880 cujusvis
1481 1839 1515 1870 K
1531 1839 1561 1870 B
1579 1840 1621 1874 A,
1646 1838 1731 1870 circs
1740 1846 1856 1870 rectam

1034 1882 1065 1912 A
1083 1882 1099 1913 1
1115 1881 1265 1921 positione
1278 1881 1382 1913 datam
1395 1881 1537 1923 genitum
1544 1881 1579 1912 in
1589 1881 1694 1912 medio
1702 1881 1859 1914 resistente

1033 2569 1191 2594 moveatur
1204 2563 1374 2595 secundum
1398 2563 1595 2595 directionem
1619 2569 1710 2598 rectae
1724 2563 1743 2595 1
1761 2564 1803 2601 A,
1824 2569 1857 2595 et

1033 2613 1170 2645 oporteat
1183 2607 1381 2637 resistentiam
1396 2617 1488 2647 quam
1503 2606 1618 2644 patitur
1631 2606 1770 2637 conferre
1782 2616 1856 2637 cum

1033 2649 1202 2679 resistentia
1226 2649 1358 2689 cylindri
1380 2648 1550 2679 secundum
1571 2648 1700 2678 eandem
1715 2649 1855 2679 directio-

1033 2701 1104 2721 nem
1119 2691 1195 2721 moti
1209 2697 1239 2721 et
1253 2692 1342 2731 cujus
1355 2691 1434 2722 basis
1447 2697 1492 2721 est
1512 2690 1645 2720 circulus
1666 2690 1752 2720 radio
1778 2691 1808 2720 K
1827 2691 1854 2722 C

1033 2733 1074 2764 ad
1091 2734 1121 2764 A
1139 2734 1165 2764 C
1180 2733 1309 2764 normali
1324 2733 1503 2770 descriptus.
1550 2732 1710 2762 Diametro
1733 2733 1759 2763 C
1777 2733 1794 2763 1
1816 2733 1857 2764 ad

1033 2775 1193 2806 arbitrium
1220 2775 1376 2814 assumpti
1412 2773 1598 2804 describatur
1631 2775 1858 2806 semi-circulus

1036 2819 1063 2848 C
1081 2819 1103 2848 S
1120 2818 1147 2852 Ι,
1163 2824 1272 2858 agatur
1285 2827 1339 2856 per
1353 2823 1502 2855 punctum
1521 2816 1537 2846 l
1553 2816 1666 2846 chorda
1681 2816 1699 2847 1
1712 2818 1744 2854 S,
1758 2817 1858 2856 paral-

1033 2860 1095 2890 lela
1112 2861 1140 2890 B
1158 2861 1191 2890 D
1211 2869 1335 2889 curvam
1350 2858 1488 2898 tangenti
1501 2857 1535 2887 in
1549 2864 1666 2897 puncto
1679 2859 1787 2898 quovis
1803 2860 1832 2890 B
1845 2870 1855 2897 ;

1033 2902 1164 2933 ducatur
1186 2912 1239 2941 per
1257 2902 1284 2931 B
1300 2908 1382 2930 recta
1399 2901 1428 2930 B
1446 2901 1475 2930 V
1489 2900 1634 2939 parallela
1650 2901 1680 2931 A
1698 2901 1727 2938 1,
1750 2907 1782 2932 et
1803 2911 1858 2941 per

1037 2945 1059 2975 S
1072 2951 1154 2975 recta
1171 2945 1192 2974 S
1209 2944 1244 2974 H
1259 2942 1402 2982 parallelas
1419 2942 1445 2973 C
1463 2942 1507 2978 Κ,
1532 2944 1630 2973 ambae
1644 2949 1859 2974 concurrentes

1033 2988 1067 3017 in
1087 2988 1130 3022 H,
1159 2987 1259 3025 sitque
1281 2985 1315 3020 Q,
1328 2985 1362 3014 H
1381 2985 1411 3014 Ε
1426 2994 1519 3014 curva
1529 2995 1621 3025 quam
1647 2993 1797 3024 punctum
1819 2986 1856 3016 H

1032 3027 1181 3068 perpetuo
1191 3027 1305 3066 tangit3
1317 3032 1348 3057 et
1356 3026 1508 3066 completo
1517 3027 1697 3068 rectiangulo
1709 3029 1735 3058 C
1746 3028 1778 3058 K
1790 3028 1819 3058 G
1830 3028 1856 3064 1,

1033 3071 1202 3102 resistentia
1214 3069 1304 3100 solidi
1324 3069 1449 3100 rutundi
1469 3079 1524 3109 per
1542 3070 1769 3101 conversionem
1787 3079 1858 3102 cur-

976 3127 1045 3158 1³24
