<?xml version="1.0" encoding="UTF-8"?>
<!DOCTYPE html PUBLIC "-//W3C//DTD XHTML 1.0 Transitional//EN"
    "http://www.w3.org/TR/xhtml1/DTD/xhtml1-transitional.dtd">
<html xmlns="http://www.w3.org/1999/xhtml" xml:lang="en" lang="en">
 <head>
  <title>
</title>
<meta http-equiv="Content-Type" content="text/html;charset=utf-8" />
  <meta name='ocr-system' content='tesseract 3.04.00' />
  <meta name='ocr-capabilities' content='ocr_page ocr_carea ocr_par ocr_line ocrx_word'/>
</head>
<body>
  <div class='ocr_page' id='page_1' title='image "./philosophiaenatu02newtuoft_0262.png"; bbox 0 0 2066 3548; ppageno 0'>
   <div class='ocr_carea' id='block_1_1' title="bbox 190 250 1926 301">
    <p class='ocr_par' dir='ltr' id='par_1_1' title="bbox 190 250 1926 301">
     <span class='ocr_line' id='line_1_1' title="bbox 190 250 1926 301; baseline -0.003 -5"><span class='ocrx_word' id='word_1_1' title='bbox 190 261 272 298; x_wconf 75' lang='lat'><strong>248</strong></span> <span class='ocrx_word' id='word_1_2' title='bbox 622 251 1076 297; x_wconf 72' lang='lat' dir='ltr'>PHILOSOPHIAE</span> <span class='ocrx_word' id='word_1_3' title='bbox 1106 251 1467 295; x_wconf 86' lang='lat' dir='ltr'><strong>NATURALIS</strong></span> <span class='ocrx_word' id='word_1_4' title='bbox 1522 250 1673 301; x_wconf 78' lang='lat' dir='ltr'><strong>[Mo&#39;r.</strong></span> <span class='ocrx_word' id='word_1_5' title='bbox 1696 250 1897 298; x_wconf 61' lang='lat' dir='ltr'><strong>Comum.</strong></span> <span class='ocrx_word' id='word_1_6' title='bbox 1923 261 1926 264; x_wconf 79' lang='grc'>’</span> 
     </span>
    </p>
   </div>
   <div class='ocr_carea' id='block_1_2' title="bbox 184 362 1980 3141">
    <p class='ocr_par' dir='ltr' id='par_1_2' title="bbox 188 362 1898 483">
     <span class='ocr_line' id='line_1_2' title="bbox 190 362 1898 419; baseline -0.002 -10"><span class='ocrx_word' id='word_1_7' title='bbox 190 371 242 412; x_wconf 89' lang='grc'><strong>17</strong></span> <span class='ocrx_word' id='word_1_8' title='bbox 280 375 322 408; x_wconf 90' lang='lat' dir='ltr'><strong>et</strong></span> <span class='ocrx_word' id='word_1_9' title='bbox 367 373 437 417; x_wconf 89' lang='lat'><strong>18,</strong></span> <span class='ocrx_word' id='word_1_10' title='bbox 483 365 758 407; x_wconf 83' lang='lat' dir='ltr'><strong>describentes</strong></span> <span class='ocrx_word' id='word_1_11' title='bbox 808 364 1068 409; x_wconf 80' lang='lat' dir='ltr'><strong>altitudinem</strong></span> <span class='ocrx_word' id='word_1_12' title='bbox 1115 363 1271 419; x_wconf 88' lang='lat' dir='ltr'><strong>pedum</strong></span> <span class='ocrx_word' id='word_1_13' title='bbox 1318 362 1554 419; x_wconf 84' lang='lat' dir='ltr'><strong>quindecim</strong></span> <span class='ocrx_word' id='word_1_14' title='bbox 1593 370 1637 413; x_wconf 87' lang='lat' dir='ltr'><strong>et</strong></span> <span class='ocrx_word' id='word_1_15' title='bbox 1672 362 1898 419; x_wconf 79' lang='lat' dir='ltr'><strong>digitorum</strong></span> 
     </span>
     <span class='ocr_line' id='line_1_3' title="bbox 188 437 1552 483; baseline 0.004 -5"><span class='ocrx_word' id='word_1_16' title='bbox 188 437 380 479; x_wconf 86' lang='lat' dir='ltr'><strong>duorum.</strong></span> <span class='ocrx_word' id='word_1_17' title='bbox 1491 473 1499 477; x_wconf 87' lang='lat'><em>-</em></span> <span class='ocrx_word' id='word_1_18' title='bbox 1550 480 1552 483; x_wconf 86' lang='lat'><strong>.</strong></span> 
     </span>
    </p>

    <p class='ocr_par' dir='ltr' id='par_1_3' title="bbox 184 505 1898 637">
     <span class='ocr_line' id='line_1_4' title="bbox 243 505 1898 562; baseline -0.002 -11"><span class='ocrx_word' id='word_1_19' title='bbox 243 509 326 553; x_wconf 84' lang='lat' dir='ltr'><strong>Per</strong></span> <span class='ocrx_word' id='word_1_20' title='bbox 368 507 571 550; x_wconf 70' lang='lat' dir='ltr'><strong>theoriam</strong></span> <span class='ocrx_word' id='word_1_21' title='bbox 615 507 762 549; x_wconf 84' lang='lat' dir='ltr'><strong>cadere</strong></span> <span class='ocrx_word' id='word_1_22' title='bbox 805 506 1038 552; x_wconf 89' lang='lat' dir='ltr'><strong>debuerunt</strong></span> <span class='ocrx_word' id='word_1_23' title='bbox 1077 514 1266 562; x_wconf 86' lang='lat' dir='ltr'><strong>tempore</strong></span> <span class='ocrx_word' id='word_1_24' title='bbox 1309 505 1613 549; x_wconf 86' lang='lat' dir='ltr'><strong>oscillationum</strong></span> <span class='ocrx_word' id='word_1_25' title='bbox 1657 511 1710 548; x_wconf 94' lang='grc'><strong>15</strong></span> <span class='ocrx_word' id='word_1_26' title='bbox 1751 519 1898 561; x_wconf 87' lang='lat' dir='ltr'><strong>quam-</strong></span> 
     </span>
     <span class='ocr_line' id='line_1_5' title="bbox 184 582 1828 637; baseline -0.005 -13"><span class='ocrx_word' id='word_1_27' title='bbox 184 582 388 637; x_wconf 75' lang='lat' dir='ltr'><strong>proxime.</strong></span> <span class='ocrx_word' id='word_1_28' title='bbox 406 601 413 604; x_wconf 23' lang='lat' dir='ltr'><strong>s</strong></span> <span class='ocrx_word' id='word_1_29' title='bbox 600 635 602 637; x_wconf 12' lang='lat' dir='ltr'><em>r</em></span> <span class='ocrx_word' id='word_1_30' title='bbox 885 604 888 607; x_wconf 87' lang='lat'><em>-</em></span> <span class='ocrx_word' id='word_1_31' title='bbox 1759 627 1761 629; x_wconf 14' lang='lat' dir='ltr'><strong>q</strong></span> <span class='ocrx_word' id='word_1_32' title='bbox 1826 609 1828 616; x_wconf 94' lang='lat'>.</span> 
     </span>
    </p>

    <p class='ocr_par' dir='ltr' id='par_1_4' title="bbox 185 648 1898 910">
     <span class='ocr_line' id='line_1_6' title="bbox 241 648 1897 707; baseline -0.003 -12"><span class='ocrx_word' id='word_1_33' title='bbox 241 655 393 707; x_wconf 73' lang='lat' dir='ltr'><strong>Exper.</strong></span> <span class='ocrx_word' id='word_1_34' title='bbox 416 656 455 696; x_wconf 89' lang='lat'><strong>7.</strong></span> <span class='ocrx_word' id='word_1_35' title='bbox 518 650 646 693; x_wconf 89' lang='lat' dir='ltr'><strong>Globi</strong></span> <span class='ocrx_word' id='word_1_36' title='bbox 677 658 854 707; x_wconf 88' lang='lat' dir='ltr'><strong>quatuor</strong></span> <span class='ocrx_word' id='word_1_37' title='bbox 882 650 1068 707; x_wconf 89' lang='lat' dir='ltr'><strong>pondere</strong></span> <span class='ocrx_word' id='word_1_38' title='bbox 1093 652 1203 702; x_wconf 62' lang='lat'><strong>293}</strong></span> <span class='ocrx_word' id='word_1_39' title='bbox 1224 664 1340 707; x_wconf 86' lang='lat' dir='ltr'><strong>gran.</strong></span> <span class='ocrx_word' id='word_1_40' title='bbox 1361 650 1406 691; x_wconf 90' lang='lat' dir='ltr'><strong>in</strong></span> <span class='ocrx_word' id='word_1_41' title='bbox 1425 651 1520 691; x_wconf 69' lang='lat' dir='ltr'><strong>aere</strong></span> <span class='ocrx_word' id='word_1_42' title='bbox 1541 651 1684 703; x_wconf 66' lang='lat' dir='ltr'><strong>et‚35}</strong></span> <span class='ocrx_word' id='word_1_43' title='bbox 1704 662 1823 705; x_wconf 84' lang='lat' dir='ltr'><strong>gran.</strong></span> <span class='ocrx_word' id='word_1_44' title='bbox 1851 648 1897 690; x_wconf 87' lang='lat' dir='ltr'><strong>in</strong></span> 
     </span>
     <span class='ocr_line' id='line_1_7' title="bbox 185 720 1896 780; baseline -0.002 -16"><span class='ocrx_word' id='word_1_45' title='bbox 185 722 291 779; x_wconf 66' lang='lat' dir='ltr'><strong>aqua</strong></span> <span class='ocrx_word' id='word_1_46' title='bbox 313 737 423 777; x_wconf 88' lang='lat' dir='ltr'><strong>saepe</strong></span> <span class='ocrx_word' id='word_1_47' title='bbox 442 721 624 772; x_wconf 83' lang='lat' dir='ltr'><strong>demissi,</strong></span> <span class='ocrx_word' id='word_1_48' title='bbox 657 721 859 763; x_wconf 82' lang='lat' dir='ltr'><strong>cadebant</strong></span> <span class='ocrx_word' id='word_1_49' title='bbox 886 729 1074 775; x_wconf 88' lang='lat' dir='ltr'><strong>tempore</strong></span> <span class='ocrx_word' id='word_1_50' title='bbox 1094 720 1396 763; x_wconf 84' lang='lat' dir='ltr'><strong>oscillationum</strong></span> <span class='ocrx_word' id='word_1_51' title='bbox 1417 722 1515 773; x_wconf 48' lang='lat'><strong>295,</strong></span> <span class='ocrx_word' id='word_1_52' title='bbox 1538 722 1726 780; x_wconf 39' lang='lat'><strong>30,·303¹2„</strong></span> <span class='ocrx_word' id='word_1_53' title='bbox 1750 725 1818 771; x_wconf 80' lang='lat'><strong>31,</strong></span> <span class='ocrx_word' id='word_1_54' title='bbox 1841 724 1896 762; x_wconf 76' lang='lat'><strong>32</strong></span> 
     </span>
     <span class='ocr_line' id='line_1_8' title="bbox 191 792 1898 849; baseline -0.001 -12"><span class='ocrx_word' id='word_1_55' title='bbox 191 804 232 837; x_wconf 91' lang='lat' dir='ltr'><strong>et</strong></span> <span class='ocrx_word' id='word_1_56' title='bbox 262 801 330 845; x_wconf 84' lang='grc'><strong>33,</strong></span> <span class='ocrx_word' id='word_1_57' title='bbox 363 793 642 838; x_wconf 81' lang='lat' dir='ltr'><strong>describentes</strong></span> <span class='ocrx_word' id='word_1_58' title='bbox 677 793 935 835; x_wconf 83' lang='lat' dir='ltr'><strong>altitudinem</strong></span> <span class='ocrx_word' id='word_1_59' title='bbox 969 793 1126 848; x_wconf 90' lang='lat' dir='ltr'><strong>pedum</strong></span> <span class='ocrx_word' id='word_1_60' title='bbox 1158 792 1394 849; x_wconf 88' lang='lat' dir='ltr'><strong>quindecim</strong></span> <span class='ocrx_word' id='word_1_61' title='bbox 1425 800 1469 842; x_wconf 82' lang='lat' dir='ltr'><strong>et</strong></span> <span class='ocrx_word' id='word_1_62' title='bbox 1498 792 1618 849; x_wconf 78' lang='lat' dir='ltr'><strong>digiti</strong></span> <span class='ocrx_word' id='word_1_63' title='bbox 1651 792 1772 834; x_wconf 89' lang='lat' dir='ltr'><strong>unius</strong></span> <span class='ocrx_word' id='word_1_64' title='bbox 1802 806 1898 836; x_wconf 86' lang='lat' dir='ltr'><strong>cum</strong></span> 
     </span>
     <span class='ocr_line' id='line_1_9' title="bbox 187 866 1578 910; baseline 0.002 -3"><span class='ocrx_word' id='word_1_65' title='bbox 187 866 369 908; x_wconf 80' lang='lat' dir='ltr'><strong>semisse.</strong></span> <span class='ocrx_word' id='word_1_66' title='bbox 1576 908 1578 910; x_wconf 76' lang='grc'>,</span> 
     </span>
    </p>

    <p class='ocr_par' dir='ltr' id='par_1_5' title="bbox 186 933 1898 1071">
     <span class='ocr_line' id='line_1_10' title="bbox 244 933 1898 991; baseline -0.004 -8"><span class='ocrx_word' id='word_1_67' title='bbox 244 941 327 984; x_wconf 89' lang='lat' dir='ltr'><strong>Per</strong></span> <span class='ocrx_word' id='word_1_68' title='bbox 355 936 574 990; x_wconf 80' lang='lat' dir='ltr'><strong>theoriam·</strong></span> <span class='ocrx_word' id='word_1_69' title='bbox 614 935 763 986; x_wconf 81' lang='lat' dir='ltr'><strong>cadere</strong></span> <span class='ocrx_word' id='word_1_70' title='bbox 803 936 1037 977; x_wconf 86' lang='lat' dir='ltr'><strong>debuerunt</strong></span> <span class='ocrx_word' id='word_1_71' title='bbox 1080 942 1268 988; x_wconf 88' lang='lat' dir='ltr'><strong>tempore</strong></span> <span class='ocrx_word' id='word_1_72' title='bbox 1311 933 1614 976; x_wconf 83' lang='lat' dir='ltr'><strong>oscillationum</strong></span> <span class='ocrx_word' id='word_1_73' title='bbox 1654 939 1717 976; x_wconf 48' lang='grc' dir='ltr'><strong>28Ἰ</strong></span> <span class='ocrx_word' id='word_1_74' title='bbox 1755 949 1898 991; x_wconf 83' lang='lat' dir='ltr'><strong>quam-</strong></span> 
     </span>
     <span class='ocr_line' id='line_1_11' title="bbox 186 1010 390 1071; baseline -0.02 -15"><span class='ocrx_word' id='word_1_75' title='bbox 186 1010 390 1071; x_wconf 73' lang='lat' dir='ltr'><strong>proxime.</strong></span> 
     </span>
    </p>

    <p class='ocr_par' dir='ltr' id='par_1_6' title="bbox 187 1077 1911 2282">
     <span class='ocr_line' id='line_1_12' title="bbox 246 1077 1899 1136; baseline -0.004 -10"><span class='ocrx_word' id='word_1_76' title='bbox 246 1083 426 1127; x_wconf 86' lang='lat' dir='ltr'><strong>Causam</strong></span> <span class='ocrx_word' id='word_1_77' title='bbox 445 1079 731 1135; x_wconf 82' lang='lat' dir='ltr'><strong>investigando</strong></span> <span class='ocrx_word' id='word_1_78' title='bbox 750 1092 824 1120; x_wconf 90' lang='lat' dir='ltr'><strong>cur</strong></span> <span class='ocrx_word' id='word_1_79' title='bbox 842 1078 1077 1135; x_wconf 87' lang='lat' dir='ltr'><strong>globorum,</strong></span> <span class='ocrx_word' id='word_1_80' title='bbox 1099 1078 1283 1134; x_wconf 85' lang='lat' dir='ltr'><strong>ejusdem</strong></span> <span class='ocrx_word' id='word_1_81' title='bbox 1303 1078 1500 1133; x_wconf 88' lang='lat' dir='ltr'><strong>ponderis</strong></span> <span class='ocrx_word' id='word_1_82' title='bbox 1526 1086 1570 1120; x_wconf 93' lang='lat' dir='ltr'><strong>et</strong></span> <span class='ocrx_word' id='word_1_83' title='bbox 1587 1077 1899 1136; x_wconf 77' lang='lat' dir='ltr'><strong>magnitudinis,</strong></span> 
     </span>
     <span class='ocr_line' id='line_1_13' title="bbox 187 1150 1904 1212; baseline -0.003 -15"><span class='ocrx_word' id='word_1_84' title='bbox 187 1156 315 1212; x_wconf 79' lang='lat' dir='ltr'><strong>aliqui</strong></span> <span class='ocrx_word' id='word_1_85' title='bbox 336 1155 455 1196; x_wconf 89' lang='lat' dir='ltr'><strong>citius</strong></span> <span class='ocrx_word' id='word_1_86' title='bbox 476 1153 546 1194; x_wconf 86' lang='lat' dir='ltr'><strong>alii</strong></span> <span class='ocrx_word' id='word_1_87' title='bbox 565 1152 722 1194; x_wconf 87' lang='lat' dir='ltr'><strong>tardius</strong></span> <span class='ocrx_word' id='word_1_88' title='bbox 752 1151 960 1202; x_wconf 83' lang='lat' dir='ltr'><strong>caderent,</strong></span> <span class='ocrx_word' id='word_1_89' title='bbox 991 1151 1036 1192; x_wconf 90' lang='lat' dir='ltr'><strong>in</strong></span> <span class='ocrx_word' id='word_1_90' title='bbox 1054 1151 1165 1192; x_wconf 87' lang='lat' dir='ltr'><strong>hanc</strong></span> <span class='ocrx_word' id='word_1_91' title='bbox 1183 1150 1310 1192; x_wconf 83' lang='lat' dir='ltr'><strong>incidi</strong></span> <span class='ocrx_word' id='word_1_92' title='bbox 1321 1166 1333 1201; x_wconf 90' lang='lat'>;</span> <span class='ocrx_word' id='word_1_93' title='bbox 1364 1151 1477 1207; x_wconf 91' lang='lat' dir='ltr'><strong>quod</strong></span> <span class='ocrx_word' id='word_1_94' title='bbox 1496 1150 1612 1208; x_wconf 88' lang='lat' dir='ltr'><strong>globi</strong></span> <span class='ocrx_word' id='word_1_95' title='bbox 1632 1151 1704 1193; x_wconf 90' lang='lat' dir='ltr'><strong>ubi</strong></span> <span class='ocrx_word' id='word_1_96' title='bbox 1721 1150 1904 1206; x_wconf 87' lang='lat' dir='ltr'><strong>primum</strong></span> 
     </span>
     <span class='ocr_line' id='line_1_14' title="bbox 187 1222 1905 1280; baseline -0.003 -9"><span class='ocrx_word' id='word_1_97' title='bbox 187 1229 511 1271; x_wconf 87' lang='lat' dir='ltr'><strong>demittebantur</strong></span> <span class='ocrx_word' id='word_1_98' title='bbox 530 1234 572 1267; x_wconf 90' lang='lat' dir='ltr'><strong>et</strong></span> <span class='ocrx_word' id='word_1_99' title='bbox 592 1225 739 1267; x_wconf 87' lang='lat' dir='ltr'><strong>cadere</strong></span> <span class='ocrx_word' id='word_1_100' title='bbox 759 1224 1024 1280; x_wconf 87' lang='lat' dir='ltr'><strong>incipiebant,</strong></span> <span class='ocrx_word' id='word_1_101' title='bbox 1057 1224 1294 1266; x_wconf 87' lang='lat' dir='ltr'><strong>oscillarent</strong></span> <span class='ocrx_word' id='word_1_102' title='bbox 1313 1224 1469 1265; x_wconf 86' lang='lat' dir='ltr'><strong>circum</strong></span> <span class='ocrx_word' id='word_1_103' title='bbox 1499 1230 1654 1274; x_wconf 90' lang='lat' dir='ltr'><strong>centra,</strong></span> <span class='ocrx_word' id='word_1_104' title='bbox 1686 1223 1814 1271; x_wconf 76' lang='lat' dir='ltr'><strong>latere</strong></span> <span class='ocrx_word' id='word_1_105' title='bbox 1831 1222 1905 1265; x_wconf 86' lang='lat' dir='ltr'><strong>illo</strong></span> 
     </span>
     <span class='ocr_line' id='line_1_15' title="bbox 187 1294 1906 1354; baseline -0.003 -14"><span class='ocrx_word' id='word_1_106' title='bbox 187 1298 300 1354; x_wconf 93' lang='lat' dir='ltr'><strong>quod</strong></span> <span class='ocrx_word' id='word_1_107' title='bbox 318 1298 424 1341; x_wconf 89' lang='lat' dir='ltr'><strong>forte</strong></span> <span class='ocrx_word' id='word_1_108' title='bbox 443 1296 610 1354; x_wconf 87' lang='lat' dir='ltr'><strong>gravius</strong></span> <span class='ocrx_word' id='word_1_109' title='bbox 630 1303 737 1338; x_wconf 90' lang='lat' dir='ltr'><strong>esset</strong></span> <span class='ocrx_word' id='word_1_110' title='bbox 756 1296 938 1350; x_wconf 89' lang='lat' dir='ltr'><strong>primum</strong></span> <span class='ocrx_word' id='word_1_111' title='bbox 958 1295 1248 1345; x_wconf 85' lang='lat' dir='ltr'><strong>descendente,</strong></span> <span class='ocrx_word' id='word_1_112' title='bbox 1279 1303 1321 1336; x_wconf 92' lang='lat' dir='ltr'><strong>et</strong></span> <span class='ocrx_word' id='word_1_113' title='bbox 1339 1303 1499 1336; x_wconf 91' lang='lat' dir='ltr'><strong>motum</strong></span> <span class='ocrx_word' id='word_1_114' title='bbox 1519 1294 1815 1336; x_wconf 86' lang='lat' dir='ltr'><strong>oscillatorium</strong></span> <span class='ocrx_word' id='word_1_115' title='bbox 1831 1309 1906 1351; x_wconf 89' lang='lat' dir='ltr'><strong>ge-</strong></span> 
     </span>
     <span class='ocr_line' id='line_1_16' title="bbox 188 1366 1906 1423; baseline -0.002 -11"><span class='ocrx_word' id='word_1_116' title='bbox 188 1377 380 1423; x_wconf 28' lang='lat' dir='ltr'><strong>nerante-¹</strong></span> <span class='ocrx_word' id='word_1_117' title='bbox 434 1367 547 1410; x_wconf 81' lang='lat' dir='ltr'><strong>Nam</strong></span> <span class='ocrx_word' id='word_1_118' title='bbox 564 1382 641 1423; x_wconf 90' lang='lat' dir='ltr'><strong>per</strong></span> <span class='ocrx_word' id='word_1_119' title='bbox 661 1366 936 1410; x_wconf 87' lang='lat' dir='ltr'><strong>oscillationes</strong></span> <span class='ocrx_word' id='word_1_120' title='bbox 968 1381 1063 1408; x_wconf 88' lang='lat' dir='ltr'><strong>suas</strong></span> <span class='ocrx_word' id='word_1_121' title='bbox 1083 1366 1231 1422; x_wconf 87' lang='lat' dir='ltr'><strong>globus</strong></span> <span class='ocrx_word' id='word_1_122' title='bbox 1261 1366 1460 1421; x_wconf 88' lang='lat' dir='ltr'><strong>majorem</strong></span> <span class='ocrx_word' id='word_1_123' title='bbox 1488 1374 1648 1408; x_wconf 91' lang='lat' dir='ltr'><strong>motum</strong></span> <span class='ocrx_word' id='word_1_124' title='bbox 1677 1366 1906 1408; x_wconf 84' lang='lat' dir='ltr'><strong>communi-</strong></span> 
     </span>
     <span class='ocr_line' id='line_1_17' title="bbox 189 1438 1905 1499; baseline -0.003 -15"><span class='ocrx_word' id='word_1_125' title='bbox 189 1450 256 1484; x_wconf 86' lang='lat' dir='ltr'><strong>cat</strong></span> <span class='ocrx_word' id='word_1_126' title='bbox 283 1457 416 1499; x_wconf 88' lang='lat' dir='ltr'><strong>aquae,</strong></span> <span class='ocrx_word' id='word_1_127' title='bbox 453 1456 578 1498; x_wconf 84' lang='lat' dir='ltr'><strong>quam</strong></span> <span class='ocrx_word' id='word_1_128' title='bbox 609 1440 644 1482; x_wconf 88' lang='lat' dir='ltr'><strong>si</strong></span> <span class='ocrx_word' id='word_1_129' title='bbox 674 1440 761 1482; x_wconf 89' lang='lat' dir='ltr'><strong>sine</strong></span> <span class='ocrx_word' id='word_1_130' title='bbox 791 1438 1118 1482; x_wconf 71' lang='lat' dir='ltr'><strong>osculationibus</strong></span> <span class='ocrx_word' id='word_1_131' title='bbox 1150 1438 1445 1488; x_wconf 84' lang='lat' dir='ltr'><strong>descenderet3</strong></span> <span class='ocrx_word' id='word_1_132' title='bbox 1481 1446 1523 1480; x_wconf 90' lang='lat' dir='ltr'><strong>et</strong></span> <span class='ocrx_word' id='word_1_133' title='bbox 1547 1438 1905 1490; x_wconf 78' lang='lat' dir='ltr'><strong>communicando,</strong></span> 
     </span>
     <span class='ocr_line' id='line_1_18' title="bbox 190 1509 1908 1567; baseline -0.003 -11"><span class='ocrx_word' id='word_1_134' title='bbox 190 1513 339 1556; x_wconf 87' lang='lat' dir='ltr'><strong>amittit</strong></span> <span class='ocrx_word' id='word_1_135' title='bbox 366 1519 528 1567; x_wconf 87' lang='lat' dir='ltr'><strong>partem</strong></span> <span class='ocrx_word' id='word_1_136' title='bbox 557 1510 692 1553; x_wconf 68' lang='lat' dir='ltr'><strong>motus</strong></span> <span class='ocrx_word' id='word_1_137' title='bbox 721 1510 881 1565; x_wconf 83' lang='lat' dir='ltr'><strong>proprii</strong></span> <span class='ocrx_word' id='word_1_138' title='bbox 901 1524 984 1566; x_wconf 92' lang='lat' dir='ltr'><strong>quo</strong></span> <span class='ocrx_word' id='word_1_139' title='bbox 1013 1509 1265 1551; x_wconf 87' lang='lat' dir='ltr'><strong>descendere</strong></span> <span class='ocrx_word' id='word_1_140' title='bbox 1285 1509 1477 1551; x_wconf 88' lang='lat' dir='ltr'><strong>deberet:</strong></span> <span class='ocrx_word' id='word_1_141' title='bbox 1506 1517 1548 1551; x_wconf 87' lang='lat' dir='ltr'><strong>et</strong></span> <span class='ocrx_word' id='word_1_142' title='bbox 1566 1524 1645 1565; x_wconf 87' lang='lat' dir='ltr'><strong>pro</strong></span> <span class='ocrx_word' id='word_1_143' title='bbox 1664 1511 1821 1565; x_wconf 86' lang='lat' dir='ltr'><strong>majore</strong></span> <span class='ocrx_word' id='word_1_144' title='bbox 1839 1509 1908 1552; x_wconf 87' lang='lat' dir='ltr'><strong>vel</strong></span> 
     </span>
     <span class='ocr_line' id='line_1_19' title="bbox 191 1578 1909 1637; baseline -0.001 -13"><span class='ocrx_word' id='word_1_145' title='bbox 191 1583 352 1626; x_wconf 90' lang='lat' dir='ltr'><strong>minore</strong></span> <span class='ocrx_word' id='word_1_146' title='bbox 365 1581 633 1631; x_wconf 84' lang='lat' dir='ltr'><strong>oscillatione,</strong></span> <span class='ocrx_word' id='word_1_147' title='bbox 655 1580 788 1637; x_wconf 87' lang='lat' dir='ltr'><strong>magis</strong></span> <span class='ocrx_word' id='word_1_148' title='bbox 808 1579 874 1621; x_wconf 91' lang='lat' dir='ltr'><strong>vel</strong></span> <span class='ocrx_word' id='word_1_149' title='bbox 889 1579 1026 1620; x_wconf 90' lang='lat' dir='ltr'><strong>minus</strong></span> <span class='ocrx_word' id='word_1_150' title='bbox 1045 1579 1291 1621; x_wconf 83' lang='lat' dir='ltr'><strong>retardatur.</strong></span> <span class='ocrx_word' id='word_1_151' title='bbox 1339 1578 1578 1628; x_wconf 85' lang='lat' dir='ltr'><strong>Quinetiam</strong></span> <span class='ocrx_word' id='word_1_152' title='bbox 1593 1579 1742 1636; x_wconf 85' lang='lat' dir='ltr'><strong>globus</strong></span> <span class='ocrx_word' id='word_1_153' title='bbox 1762 1579 1909 1622; x_wconf 85' lang='lat' dir='ltr'><strong>recidit</strong></span> 
     </span>
     <span class='ocr_line' id='line_1_20' title="bbox 191 1649 1910 1710; baseline -0.002 -13"><span class='ocrx_word' id='word_1_154' title='bbox 191 1668 354 1710; x_wconf 89' lang='lat' dir='ltr'><strong>semper</strong></span> <span class='ocrx_word' id='word_1_155' title='bbox 366 1668 391 1696; x_wconf 87' lang='lat' dir='ltr'><strong>a</strong></span> <span class='ocrx_word' id='word_1_156' title='bbox 404 1653 532 1695; x_wconf 90' lang='lat' dir='ltr'><strong>latere</strong></span> <span class='ocrx_word' id='word_1_157' title='bbox 553 1666 628 1694; x_wconf 85' lang='lat' dir='ltr'><strong>suo</strong></span> <span class='ocrx_word' id='word_1_158' title='bbox 647 1650 760 1707; x_wconf 91' lang='lat' dir='ltr'><strong>quod</strong></span> <span class='ocrx_word' id='word_1_159' title='bbox 780 1664 856 1705; x_wconf 86' lang='lat' dir='ltr'><strong>per</strong></span> <span class='ocrx_word' id='word_1_160' title='bbox 876 1649 1174 1693; x_wconf 80' lang='lat' dir='ltr'><strong>oscillationem</strong></span> <span class='ocrx_word' id='word_1_161' title='bbox 1193 1649 1419 1700; x_wconf 82' lang='lat' dir='ltr'><strong>descendit,</strong></span> <span class='ocrx_word' id='word_1_162' title='bbox 1442 1658 1484 1692; x_wconf 93' lang='lat' dir='ltr'><strong>et</strong></span> <span class='ocrx_word' id='word_1_163' title='bbox 1501 1650 1738 1701; x_wconf 85' lang='lat' dir='ltr'><strong>recedendo</strong></span> <span class='ocrx_word' id='word_1_164' title='bbox 1756 1665 1910 1707; x_wconf 82' lang='lat' dir='ltr'><strong>appro-</strong></span> 
     </span>
     <span class='ocr_line' id='line_1_21' title="bbox 190 1723 1909 1784; baseline -0.002 -15"><span class='ocrx_word' id='word_1_165' title='bbox 190 1729 366 1784; x_wconf 88' lang='lat' dir='ltr'><strong>pinquat</strong></span> <span class='ocrx_word' id='word_1_166' title='bbox 383 1727 579 1769; x_wconf 88' lang='lat' dir='ltr'><strong>lateribus</strong></span> <span class='ocrx_word' id='word_1_167' title='bbox 592 1725 699 1768; x_wconf 87' lang='lat' dir='ltr'><strong>vasis</strong></span> <span class='ocrx_word' id='word_1_168' title='bbox 712 1732 754 1767; x_wconf 88' lang='lat' dir='ltr'><strong>et</strong></span> <span class='ocrx_word' id='word_1_169' title='bbox 772 1725 816 1766; x_wconf 91' lang='lat' dir='ltr'><strong>in</strong></span> <span class='ocrx_word' id='word_1_170' title='bbox 835 1724 965 1766; x_wconf 88' lang='lat' dir='ltr'><strong>latera</strong></span> <span class='ocrx_word' id='word_1_171' title='bbox 983 1738 1282 1779; x_wconf 88' lang='lat' dir='ltr'><strong>nonnunquam</strong></span> <span class='ocrx_word' id='word_1_172' title='bbox 1301 1723 1555 1780; x_wconf 86' lang='lat' dir='ltr'><strong>impingitur.</strong></span> <span class='ocrx_word' id='word_1_173' title='bbox 1601 1723 1658 1766; x_wconf 88' lang='lat' dir='ltr'><strong>Et</strong></span> <span class='ocrx_word' id='word_1_174' title='bbox 1676 1723 1768 1766; x_wconf 85' lang='lat' dir='ltr'><strong>haec</strong></span> <span class='ocrx_word' id='word_1_175' title='bbox 1787 1723 1909 1766; x_wconf 86' lang='lat' dir='ltr'><strong>oscil-</strong></span> 
     </span>
     <span class='ocr_line' id='line_1_22' title="bbox 191 1794 1906 1855; baseline -0.001 -16"><span class='ocrx_word' id='word_1_176' title='bbox 191 1799 291 1841; x_wconf 90' lang='lat' dir='ltr'><strong>latio</strong></span> <span class='ocrx_word' id='word_1_177' title='bbox 310 1799 354 1840; x_wconf 91' lang='lat' dir='ltr'><strong>in</strong></span> <span class='ocrx_word' id='word_1_178' title='bbox 373 1798 508 1855; x_wconf 87' lang='lat' dir='ltr'><strong>globis</strong></span> <span class='ocrx_word' id='word_1_179' title='bbox 536 1796 796 1854; x_wconf 86' lang='lat' dir='ltr'><strong>gravioribus</strong></span> <span class='ocrx_word' id='word_1_180' title='bbox 824 1794 970 1836; x_wconf 75' lang='lat' dir='ltr'><strong>fortior</strong></span> <span class='ocrx_word' id='word_1_181' title='bbox 999 1802 1072 1845; x_wconf 85' lang='lat' dir='ltr'><strong>est,</strong></span> <span class='ocrx_word' id='word_1_182' title='bbox 1100 1794 1147 1835; x_wconf 85' lang='lat' dir='ltr'><strong>in</strong></span> <span class='ocrx_word' id='word_1_183' title='bbox 1175 1794 1400 1849; x_wconf 85' lang='lat' dir='ltr'><strong>majoribus</strong></span> <span class='ocrx_word' id='word_1_184' title='bbox 1427 1809 1576 1850; x_wconf 85' lang='lat' dir='ltr'><strong>aquam</strong></span> <span class='ocrx_word' id='word_1_185' title='bbox 1604 1796 1736 1852; x_wconf 84' lang='lat' dir='ltr'><strong>magis</strong></span> <span class='ocrx_word' id='word_1_186' title='bbox 1766 1797 1906 1853; x_wconf 85' lang='lat' dir='ltr'><strong>agitat.</strong></span> 
     </span>
     <span class='ocr_line' id='line_1_23' title="bbox 195 1865 1910 1926; baseline -0.002 -13"><span class='ocrx_word' id='word_1_187' title='bbox 195 1871 475 1926; x_wconf 65' lang='lat' dir='ltr'><strong>Quapropter,</strong></span> <span class='ocrx_word' id='word_1_188' title='bbox 510 1877 558 1911; x_wconf 91' lang='lat' dir='ltr'><strong>ut</strong></span> <span class='ocrx_word' id='word_1_189' title='bbox 587 1867 787 1910; x_wconf 89' lang='lat' dir='ltr'><strong>oscillatio</strong></span> <span class='ocrx_word' id='word_1_190' title='bbox 820 1866 1042 1923; x_wconf 87' lang='lat' dir='ltr'><strong>globorum</strong></span> <span class='ocrx_word' id='word_1_191' title='bbox 1065 1866 1202 1906; x_wconf 89' lang='lat' dir='ltr'><strong>minor</strong></span> <span class='ocrx_word' id='word_1_192' title='bbox 1227 1865 1484 1916; x_wconf 85' lang='lat' dir='ltr'><strong>redderetur,</strong></span> <span class='ocrx_word' id='word_1_193' title='bbox 1521 1865 1670 1923; x_wconf 89' lang='lat' dir='ltr'><strong>globos</strong></span> <span class='ocrx_word' id='word_1_194' title='bbox 1695 1881 1825 1908; x_wconf 87' lang='lat' dir='ltr'><strong>novos</strong></span> <span class='ocrx_word' id='word_1_195' title='bbox 1854 1882 1910 1910; x_wconf 87' lang='lat' dir='ltr'><strong>ex</strong></span> 
     </span>
     <span class='ocr_line' id='line_1_24' title="bbox 194 1936 1910 1996; baseline -0.004 -11"><span class='ocrx_word' id='word_1_196' title='bbox 194 1943 288 1985; x_wconf 68' lang='lat' dir='ltr'><strong>cera</strong></span> <span class='ocrx_word' id='word_1_197' title='bbox 322 1950 364 1984; x_wconf 93' lang='lat' dir='ltr'><strong>et</strong></span> <span class='ocrx_word' id='word_1_198' title='bbox 393 1941 566 1996; x_wconf 90' lang='lat' dir='ltr'><strong>plumbo</strong></span> <span class='ocrx_word' id='word_1_199' title='bbox 598 1937 824 1988; x_wconf 87' lang='lat' dir='ltr'><strong>construxi,</strong></span> <span class='ocrx_word' id='word_1_200' title='bbox 864 1936 1079 1994; x_wconf 86' lang='lat' dir='ltr'><strong>infigendo</strong></span> <span class='ocrx_word' id='word_1_201' title='bbox 1112 1936 1332 1992; x_wconf 90' lang='lat' dir='ltr'><strong>plumbum</strong></span> <span class='ocrx_word' id='word_1_202' title='bbox 1366 1936 1411 1977; x_wconf 91' lang='lat' dir='ltr'><strong>in</strong></span> <span class='ocrx_word' id='word_1_203' title='bbox 1443 1936 1551 1978; x_wconf 89' lang='lat' dir='ltr'><strong>latus</strong></span> <span class='ocrx_word' id='word_1_204' title='bbox 1585 1936 1756 1992; x_wconf 87' lang='lat' dir='ltr'><strong>aliquod</strong></span> <span class='ocrx_word' id='word_1_205' title='bbox 1791 1937 1910 1994; x_wconf 84' lang='lat' dir='ltr'><strong>globi</strong></span> 
     </span>
     <span class='ocr_line' id='line_1_25' title="bbox 194 2006 1910 2070; baseline -0.002 -16"><span class='ocrx_word' id='word_1_206' title='bbox 194 2027 325 2070; x_wconf 86' lang='lat' dir='ltr'><strong>prope</strong></span> <span class='ocrx_word' id='word_1_207' title='bbox 345 2010 606 2066; x_wconf 87' lang='lat' dir='ltr'><strong>superficiem</strong></span> <span class='ocrx_word' id='word_1_208' title='bbox 627 2010 715 2064; x_wconf 84' lang='lat' dir='ltr'><strong>ejus</strong></span> <span class='ocrx_word' id='word_1_209' title='bbox 726 2024 738 2059; x_wconf 85' lang='lat'>3</span> <span class='ocrx_word' id='word_1_210' title='bbox 758 2017 798 2050; x_wconf 90' lang='lat' dir='ltr'><strong>et</strong></span> <span class='ocrx_word' id='word_1_211' title='bbox 817 2007 989 2064; x_wconf 88' lang='lat' dir='ltr'><strong>globum</strong></span> <span class='ocrx_word' id='word_1_212' title='bbox 1009 2008 1066 2048; x_wconf 83' lang='lat' dir='ltr'><strong>ita</strong></span> <span class='ocrx_word' id='word_1_213' title='bbox 1085 2006 1247 2057; x_wconf 88' lang='lat' dir='ltr'><strong>demisi,</strong></span> <span class='ocrx_word' id='word_1_214' title='bbox 1269 2014 1316 2049; x_wconf 91' lang='lat' dir='ltr'><strong>ut</strong></span> <span class='ocrx_word' id='word_1_215' title='bbox 1334 2006 1442 2048; x_wconf 86' lang='lat' dir='ltr'><strong>latus</strong></span> <span class='ocrx_word' id='word_1_216' title='bbox 1462 2007 1643 2063; x_wconf 89' lang='lat' dir='ltr'><strong>gravius,</strong></span> <span class='ocrx_word' id='word_1_217' title='bbox 1664 2008 1803 2063; x_wconf 86' lang='lat' dir='ltr'><strong>quoad</strong></span> <span class='ocrx_word' id='word_1_218' title='bbox 1817 2009 1910 2050; x_wconf 86' lang='lat' dir='ltr'><strong>fieri</strong></span> 
     </span>
     <span class='ocr_line' id='line_1_26' title="bbox 195 2076 1911 2141; baseline -0.002 -15"><span class='ocrx_word' id='word_1_219' title='bbox 195 2084 343 2141; x_wconf 87' lang='lat' dir='ltr'><strong>potuit,</strong></span> <span class='ocrx_word' id='word_1_220' title='bbox 379 2089 486 2124; x_wconf 90' lang='lat' dir='ltr'><strong>esset</strong></span> <span class='ocrx_word' id='word_1_221' title='bbox 519 2081 709 2122; x_wconf 89' lang='lat' dir='ltr'><strong>infimum</strong></span> <span class='ocrx_word' id='word_1_222' title='bbox 739 2079 791 2121; x_wconf 86' lang='lat' dir='ltr'><strong>ab</strong></span> <span class='ocrx_word' id='word_1_223' title='bbox 818 2078 936 2127; x_wconf 89' lang='lat' dir='ltr'><strong>initio</strong></span> <span class='ocrx_word' id='word_1_224' title='bbox 965 2078 1200 2119; x_wconf 88' lang='lat' dir='ltr'><strong>descensus.</strong></span> <span class='ocrx_word' id='word_1_225' title='bbox 1265 2076 1334 2119; x_wconf 90' lang='lat' dir='ltr'><strong>Sic</strong></span> <span class='ocrx_word' id='word_1_226' title='bbox 1366 2076 1639 2119; x_wconf 84' lang='lat' dir='ltr'><strong>oscillationes</strong></span> <span class='ocrx_word' id='word_1_227' title='bbox 1665 2077 1793 2120; x_wconf 76' lang='lat' dir='ltr'><strong>factae</strong></span> <span class='ocrx_word' id='word_1_228' title='bbox 1813 2086 1911 2122; x_wconf 83' lang='lat' dir='ltr'><strong>sunt</strong></span> 
     </span>
     <span class='ocr_line' id='line_1_27' title="bbox 197 2150 1910 2210; baseline -0.002 -12"><span class='ocrx_word' id='word_1_229' title='bbox 197 2157 328 2199; x_wconf 91' lang='lat' dir='ltr'><strong>multo</strong></span> <span class='ocrx_word' id='word_1_230' title='bbox 347 2155 528 2197; x_wconf 87' lang='lat' dir='ltr'><strong>minores</strong></span> <span class='ocrx_word' id='word_1_231' title='bbox 549 2167 674 2210; x_wconf 81' lang='lat' dir='ltr'><strong>quam</strong></span> <span class='ocrx_word' id='word_1_232' title='bbox 693 2152 823 2208; x_wconf 88' lang='lat' dir='ltr'><strong>prius,</strong></span> <span class='ocrx_word' id='word_1_233' title='bbox 846 2159 887 2193; x_wconf 89' lang='lat' dir='ltr'><strong>et</strong></span> <span class='ocrx_word' id='word_1_234' title='bbox 906 2150 1020 2208; x_wconf 89' lang='lat' dir='ltr'><strong>globi</strong></span> <span class='ocrx_word' id='word_1_235' title='bbox 1040 2150 1295 2206; x_wconf 87' lang='lat' dir='ltr'><strong>temporibus</strong></span> <span class='ocrx_word' id='word_1_236' title='bbox 1315 2150 1452 2192; x_wconf 86' lang='lat' dir='ltr'><strong>minus</strong></span> <span class='ocrx_word' id='word_1_237' title='bbox 1467 2150 1738 2207; x_wconf 78' lang='lat' dir='ltr'><strong>inaequalibus</strong></span> <span class='ocrx_word' id='word_1_238' title='bbox 1750 2151 1910 2194; x_wconf 84' lang='lat' dir='ltr'><strong>cecide-</strong></span> 
     </span>
     <span class='ocr_line' id='line_1_28' title="bbox 199 2223 1698 2282; baseline -0.011 -11"><span class='ocrx_word' id='word_1_239' title='bbox 199 2238 308 2280; x_wconf 89' lang='lat' dir='ltr'><strong>runt,</strong></span> <span class='ocrx_word' id='word_1_240' title='bbox 330 2237 377 2270; x_wconf 89' lang='lat' dir='ltr'><strong>ut</strong></span> <span class='ocrx_word' id='word_1_241' title='bbox 396 2228 441 2269; x_wconf 91' lang='lat' dir='ltr'><strong>in</strong></span> <span class='ocrx_word' id='word_1_242' title='bbox 460 2226 754 2282; x_wconf 83' lang='lat' dir='ltr'><strong>experimentis</strong></span> <span class='ocrx_word' id='word_1_243' title='bbox 776 2223 1698 2281; x_wconf 86' lang='lat' dir='ltr'><strong>sequentibus..</strong></span> 
     </span>
    </p>

    <p class='ocr_par' dir='ltr' id='par_1_7' title="bbox 202 2295 1908 2572">
     <span class='ocr_line' id='line_1_29' title="bbox 256 2295 1908 2357; baseline -0.002 -12"><span class='ocrx_word' id='word_1_244' title='bbox 256 2305 410 2357; x_wconf 73' lang='lat' dir='ltr'><strong>Exper.</strong></span> <span class='ocrx_word' id='word_1_245' title='bbox 433 2308 473 2343; x_wconf 90' lang='lat'><strong>8.</strong></span> <span class='ocrx_word' id='word_1_246' title='bbox 516 2299 647 2342; x_wconf 88' lang='lat' dir='ltr'><strong>Globi</strong></span> <span class='ocrx_word' id='word_1_247' title='bbox 667 2305 856 2355; x_wconf 86' lang='lat' dir='ltr'><strong>quatuor,</strong></span> <span class='ocrx_word' id='word_1_248' title='bbox 871 2296 1063 2352; x_wconf 87' lang='lat' dir='ltr'><strong>pondere</strong></span> <span class='ocrx_word' id='word_1_249' title='bbox 1083 2310 1308 2353; x_wconf 81' lang='lat' dir='ltr'><strong>granorum</strong></span> <span class='ocrx_word' id='word_1_250' title='bbox 1323 2301 1402 2339; x_wconf 80' lang='grc'><strong>139</strong></span> <span class='ocrx_word' id='word_1_251' title='bbox 1414 2295 1459 2337; x_wconf 90' lang='lat' dir='ltr'><strong>in</strong></span> <span class='ocrx_word' id='word_1_252' title='bbox 1478 2297 1574 2340; x_wconf 67' lang='lat' dir='ltr'><strong>aere</strong></span> <span class='ocrx_word' id='word_1_253' title='bbox 1593 2304 1635 2339; x_wconf 88' lang='lat' dir='ltr'><strong>et</strong></span> <span class='ocrx_word' id='word_1_254' title='bbox 1654 2297 1742 2350; x_wconf 53' lang='grc' dir='ltr'><strong>δὲ</strong></span> <span class='ocrx_word' id='word_1_255' title='bbox 1729 2311 1772 2339; x_wconf 83' lang='grc' dir='ltr'><strong>ιιι</strong></span> <span class='ocrx_word' id='word_1_256' title='bbox 1787 2297 1908 2354; x_wconf 68' lang='lat' dir='ltr'><strong>aqufi,</strong></span> 
     </span>
     <span class='ocr_line' id='line_1_30' title="bbox 202 2369 1907 2433; baseline -0.005 -14"><span class='ocrx_word' id='word_1_257' title='bbox 202 2391 312 2433; x_wconf 87' lang='lat' dir='ltr'><strong>saepe</strong></span> <span class='ocrx_word' id='word_1_258' title='bbox 329 2374 511 2426; x_wconf 86' lang='lat' dir='ltr'><strong>demissi,</strong></span> <span class='ocrx_word' id='word_1_259' title='bbox 533 2373 770 2415; x_wconf 88' lang='lat' dir='ltr'><strong>ceciderunt</strong></span> <span class='ocrx_word' id='word_1_260' title='bbox 789 2371 1045 2427; x_wconf 90' lang='lat' dir='ltr'><strong>temporibus</strong></span> <span class='ocrx_word' id='word_1_261' title='bbox 1066 2369 1382 2412; x_wconf 87' lang='lat' dir='ltr'><strong>oscillationum·</strong></span> <span class='ocrx_word' id='word_1_262' title='bbox 1386 2374 1472 2410; x_wconf 86' lang='lat' dir='ltr'><strong>non</strong></span> <span class='ocrx_word' id='word_1_263' title='bbox 1490 2369 1675 2424; x_wconf 88' lang='lat' dir='ltr'><strong>plurium</strong></span> <span class='ocrx_word' id='word_1_264' title='bbox 1693 2384 1818 2426; x_wconf 78' lang='lat' dir='ltr'><strong>quam</strong></span> <span class='ocrx_word' id='word_1_265' title='bbox 1838 2376 1907 2422; x_wconf 78' lang='grc'><strong>52,</strong></span> 
     </span>
     <span class='ocr_line' id='line_1_31' title="bbox 202 2440 1904 2504; baseline -0.004 -13"><span class='ocrx_word' id='word_1_266' title='bbox 202 2465 286 2491; x_wconf 87' lang='grc' dir='ltr'><strong>ιιοιι</strong></span> <span class='ocrx_word' id='word_1_267' title='bbox 304 2448 547 2504; x_wconf 89' lang='lat' dir='ltr'><strong>pauciorum</strong></span> <span class='ocrx_word' id='word_1_268' title='bbox 576 2460 700 2502; x_wconf 88' lang='lat' dir='ltr'><strong>quam</strong></span> <span class='ocrx_word' id='word_1_269' title='bbox 731 2451 800 2495; x_wconf 90' lang='lat'><strong>50,</strong></span> <span class='ocrx_word' id='word_1_270' title='bbox 834 2452 875 2485; x_wconf 90' lang='lat' dir='ltr'><strong>et</strong></span> <span class='ocrx_word' id='word_1_271' title='bbox 902 2441 1083 2484; x_wconf 68' lang='lat' dir='ltr'><strong>maxima</strong></span> <span class='ocrx_word' id='word_1_272' title='bbox 1104 2456 1157 2483; x_wconf 86' lang='lat' dir='ltr'><strong>ex</strong></span> <span class='ocrx_word' id='word_1_273' title='bbox 1176 2450 1294 2496; x_wconf 81' lang='lat' dir='ltr'><strong>parte</strong></span> <span class='ocrx_word' id='word_1_274' title='bbox 1313 2448 1499 2496; x_wconf 87' lang='lat' dir='ltr'><strong>tempore</strong></span> <span class='ocrx_word' id='word_1_275' title='bbox 1512 2440 1824 2483; x_wconf 60' lang='lat' dir='ltr'><strong>,oscillationum</strong></span> <span class='ocrx_word' id='word_1_276' title='bbox 1854 2448 1904 2485; x_wconf 89' lang='grc'><strong>51</strong></span> 
     </span>
     <span class='ocr_line' id='line_1_32' title="bbox 203 2516 1320 2572; baseline -0.007 -8"><span class='ocrx_word' id='word_1_277' title='bbox 203 2522 376 2571; x_wconf 87' lang='lat' dir='ltr'><strong>circiter,</strong></span> <span class='ocrx_word' id='word_1_278' title='bbox 398 2519 676 2562; x_wconf 88' lang='lat' dir='ltr'><strong>describentes</strong></span> <span class='ocrx_word' id='word_1_279' title='bbox 697 2517 955 2560; x_wconf 88' lang='lat' dir='ltr'><strong>altitudinem</strong></span> <span class='ocrx_word' id='word_1_280' title='bbox 975 2516 1202 2572; x_wconf 83' lang='lat' dir='ltr'><strong>digitorum</strong></span> <span class='ocrx_word' id='word_1_281' title='bbox 1225 2521 1320 2557; x_wconf 78' lang='lat'><strong>182.</strong></span> 
     </span>
    </p>

    <p class='ocr_par' dir='ltr' id='par_1_8' title="bbox 190 2584 1980 2917">
     <span class='ocr_line' id='line_1_33' title="bbox 263 2584 1922 2640; baseline -0.005 -6"><span class='ocrx_word' id='word_1_282' title='bbox 263 2593 346 2635; x_wconf 90' lang='lat' dir='ltr'><strong>Per</strong></span> <span class='ocrx_word' id='word_1_283' title='bbox 365 2590 567 2632; x_wconf 85' lang='lat' dir='ltr'><strong>theoriam</strong></span> <span class='ocrx_word' id='word_1_284' title='bbox 588 2589 736 2630; x_wconf 91' lang='lat' dir='ltr'><strong>cadere</strong></span> <span class='ocrx_word' id='word_1_285' title='bbox 756 2587 990 2629; x_wconf 89' lang='lat' dir='ltr'><strong>debuerunt</strong></span> <span class='ocrx_word' id='word_1_286' title='bbox 1010 2594 1198 2640; x_wconf 87' lang='lat' dir='ltr'><strong>tempore</strong></span> <span class='ocrx_word' id='word_1_287' title='bbox 1218 2584 1521 2627; x_wconf 85' lang='lat' dir='ltr'><strong>oscillationum</strong></span> <span class='ocrx_word' id='word_1_288' title='bbox 1543 2589 1597 2628; x_wconf 79' lang='lat'><strong>52</strong></span> <span class='ocrx_word' id='word_1_289' title='bbox 1618 2584 1793 2628; x_wconf 86' lang='lat' dir='ltr'><strong>circiter.</strong></span> <span class='ocrx_word' id='word_1_290' title='bbox 1847 2613 1861 2629; x_wconf 22' lang='grc' dir='ltr'><strong>,Δ</strong></span> <span class='ocrx_word' id='word_1_291' title='bbox 1919 2610 1922 2613; x_wconf 88' lang='lat'><em>-</em></span> 
     </span>
     <span class='ocr_line' id='line_1_34' title="bbox 190 2654 1911 2718; baseline -0.005 -12"><span class='ocrx_word' id='word_1_292' title='bbox 190 2687 194 2690; x_wconf 76' lang='lat'><em>‚</em></span> <span class='ocrx_word' id='word_1_293' title='bbox 261 2665 413 2718; x_wconf 73' lang='lat' dir='ltr'><strong>Exper.</strong></span> <span class='ocrx_word' id='word_1_294' title='bbox 435 2668 474 2704; x_wconf 91' lang='lat'><strong>9.</strong></span> <span class='ocrx_word' id='word_1_295' title='bbox 516 2659 645 2702; x_wconf 83' lang='lat' dir='ltr'><strong>Globi</strong></span> <span class='ocrx_word' id='word_1_296' title='bbox 675 2666 864 2715; x_wconf 88' lang='lat' dir='ltr'><strong>quatuor,</strong></span> <span class='ocrx_word' id='word_1_297' title='bbox 899 2656 1086 2712; x_wconf 89' lang='lat' dir='ltr'><strong>pondere</strong></span> <span class='ocrx_word' id='word_1_298' title='bbox 1115 2670 1339 2713; x_wconf 83' lang='lat' dir='ltr'><strong>granorum</strong></span> <span class='ocrx_word' id='word_1_299' title='bbox 1359 2655 1470 2706; x_wconf 53' lang='lat'><strong>273}</strong></span> <span class='ocrx_word' id='word_1_300' title='bbox 1488 2656 1532 2696; x_wconf 89' lang='lat' dir='ltr'><strong>in</strong></span> <span class='ocrx_word' id='word_1_301' title='bbox 1551 2657 1646 2699; x_wconf 84' lang='lat' dir='ltr'><strong>a&#39;e&#39;re</strong></span> <span class='ocrx_word' id='word_1_302' title='bbox 1666 2663 1707 2697; x_wconf 88' lang='lat' dir='ltr'><strong>et</strong></span> <span class='ocrx_word' id='word_1_303' title='bbox 1730 2655 1836 2707; x_wconf 76' lang='grc' dir='ltr'><strong>14·οἔ</strong></span> <span class='ocrx_word' id='word_1_304' title='bbox 1866 2654 1911 2697; x_wconf 88' lang='lat' dir='ltr'><strong>in</strong></span> 
     </span>
     <span class='ocr_line' id='line_1_35' title="bbox 205 2713 1980 2790; baseline -0.003 -15"><span class='ocrx_word' id='word_1_305' title='bbox 205 2732 323 2790; x_wconf 67' lang='lat' dir='ltr'><strong>aqua,</strong></span> <span class='ocrx_word' id='word_1_306' title='bbox 358 2732 506 2787; x_wconf 86' lang='lat' dir='ltr'><strong>saepius</strong></span> <span class='ocrx_word' id='word_1_307' title='bbox 534 2730 715 2781; x_wconf 86' lang='lat' dir='ltr'><strong>demissi,</strong></span> <span class='ocrx_word' id='word_1_308' title='bbox 746 2728 989 2783; x_wconf 76' lang='lat' dir='ltr'><strong>&#39;ceciderunt</strong></span> <span class='ocrx_word' id='word_1_309' title='bbox 1018 2727 1272 2783; x_wconf 90' lang='lat' dir='ltr'><strong>temporibus</strong></span> <span class='ocrx_word' id='word_1_310' title='bbox 1301 2726 1600 2769; x_wconf 84' lang='lat' dir='ltr'><strong>oscillationum</strong></span> <span class='ocrx_word' id='word_1_311' title='bbox 1630 2719 1727 2769; x_wconf 31' lang='lat' dir='ltr'><strong>non*</strong></span> <span class='ocrx_word' id='word_1_312' title='bbox 1743 2713 1912 2783; x_wconf 74' lang='lat' dir='ltr'><strong>paucio-</strong></span> <span class='ocrx_word' id='word_1_313' title='bbox 1977 2751 1980 2756; x_wconf 95' lang='lat'>·</span> 
     </span>
     <span class='ocr_line' id='line_1_36' title="bbox 206 2797 1912 2860; baseline -0.002 -16"><span class='ocrx_word' id='word_1_314' title='bbox 206 2819 299 2846; x_wconf 88' lang='lat' dir='ltr'><strong>rum</strong></span> <span class='ocrx_word' id='word_1_315' title='bbox 321 2817 445 2860; x_wconf 90' lang='lat' dir='ltr'><strong>quam</strong></span> <span class='ocrx_word' id='word_1_316' title='bbox 469 2807 536 2853; x_wconf 80' lang='lat'><strong>12,</strong></span> <span class='ocrx_word' id='word_1_317' title='bbox 558 2816 643 2843; x_wconf 92' lang='lat' dir='ltr'><strong>non</strong></span> <span class='ocrx_word' id='word_1_318' title='bbox 662 2799 846 2856; x_wconf 89' lang='lat' dir='ltr'><strong>plurium</strong></span> <span class='ocrx_word' id='word_1_319' title='bbox 866 2812 990 2855; x_wconf 87' lang='lat' dir='ltr'><strong>quam</strong></span> <span class='ocrx_word' id='word_1_320' title='bbox 1017 2803 1082 2848; x_wconf 82' lang='lat'><strong>13,</strong></span> <span class='ocrx_word' id='word_1_321' title='bbox 1105 2798 1382 2840; x_wconf 83' lang='lat' dir='ltr'><strong>describentes</strong></span> <span class='ocrx_word' id='word_1_322' title='bbox 1401 2797 1658 2839; x_wconf 80' lang='lat' dir='ltr'><strong>altitudinem</strong></span> <span class='ocrx_word' id='word_1_323' title='bbox 1688 2797 1912 2855; x_wconf 83' lang='lat' dir='ltr'><strong>digitorum</strong></span> 
     </span>
     <span class='ocr_line' id='line_1_37' title="bbox 211 2881 1802 2917; baseline -0.001 0"><span class='ocrx_word' id='word_1_324' title='bbox 211 2881 306 2917; x_wconf 78' lang='lat'><strong>182.</strong></span> <span class='ocrx_word' id='word_1_325' title='bbox 1800 2913 1802 2916; x_wconf 94' lang='lat'><strong>.</strong></span> 
     </span>
    </p>

    <p class='ocr_par' dir='ltr' id='par_1_9' title="bbox 213 2940 1912 3070">
     <span class='ocr_line' id='line_1_38' title="bbox 266 2940 1912 3000; baseline -0.002 -13"><span class='ocrx_word' id='word_1_326' title='bbox 266 2946 347 2987; x_wconf 92' lang='lat' dir='ltr'><strong>Per</strong></span> <span class='ocrx_word' id='word_1_327' title='bbox 376 2944 577 2987; x_wconf 86' lang='lat' dir='ltr'><strong>theoriam</strong></span> <span class='ocrx_word' id='word_1_328' title='bbox 608 2943 707 2985; x_wconf 72' lang='lat' dir='ltr'><strong>vero</strong></span> <span class='ocrx_word' id='word_1_329' title='bbox 735 2942 780 2984; x_wconf 93' lang='lat' dir='ltr'><strong>hi</strong></span> <span class='ocrx_word' id='word_1_330' title='bbox 808 2942 922 3000; x_wconf 88' lang='lat' dir='ltr'><strong>globi</strong></span> <span class='ocrx_word' id='word_1_331' title='bbox 953 2942 1100 2984; x_wconf 87' lang='lat' dir='ltr'><strong>cadere</strong></span> <span class='ocrx_word' id='word_1_332' title='bbox 1130 2941 1362 2984; x_wconf 83' lang='lat' dir='ltr'><strong>debuerunt</strong></span> <span class='ocrx_word' id='word_1_333' title='bbox 1395 2948 1579 2996; x_wconf 88' lang='lat' dir='ltr'><strong>tempore</strong></span> <span class='ocrx_word' id='word_1_334' title='bbox 1614 2940 1912 2984; x_wconf 79' lang='lat' dir='ltr'><strong>oscillationum</strong></span> 
     </span>
     <span class='ocr_line' id='line_1_39' title="bbox 213 3014 637 3070; baseline -0.002 -13"><span class='ocrx_word' id='word_1_335' title='bbox 213 3015 289 3066; x_wconf 50' lang='lat'><strong>113</strong></span> <span class='ocrx_word' id='word_1_336' title='bbox 312 3014 637 3070; x_wconf 77' lang='lat' dir='ltr'><strong>quamproxime.</strong></span> 
     </span>
    </p>

    <p class='ocr_par' dir='ltr' id='par_1_10' title="bbox 266 3083 1912 3141">
     <span class='ocr_line' id='line_1_40' title="bbox 266 3083 1912 3141; baseline -0.001 -14"><span class='ocrx_word' id='word_1_337' title='bbox 266 3086 418 3139; x_wconf 75' lang='lat' dir='ltr'><strong>Eoeper.</strong></span> <span class='ocrx_word' id='word_1_338' title='bbox 445 3091 508 3126; x_wconf 91' lang='grc'><strong>10.</strong></span> <span class='ocrx_word' id='word_1_339' title='bbox 553 3084 692 3141; x_wconf 82' lang='lat' dir='ltr'><strong>Globi</strong></span> <span class='ocrx_word' id='word_1_340' title='bbox 710 3091 897 3141; x_wconf 82' lang='lat' dir='ltr'><strong>quatuor,</strong></span> <span class='ocrx_word' id='word_1_341' title='bbox 930 3083 1113 3139; x_wconf 89' lang='lat' dir='ltr'><strong>pondere</strong></span> <span class='ocrx_word' id='word_1_342' title='bbox 1142 3098 1366 3140; x_wconf 81' lang='lat' dir='ltr'><strong>granorum</strong></span> <span class='ocrx_word' id='word_1_343' title='bbox 1388 3089 1468 3126; x_wconf 77' lang='lat'><strong>384</strong></span> <span class='ocrx_word' id='word_1_344' title='bbox 1491 3084 1533 3125; x_wconf 92' lang='lat' dir='ltr'><strong>in</strong></span> <span class='ocrx_word' id='word_1_345' title='bbox 1553 3086 1647 3127; x_wconf 68' lang='lat' dir='ltr'><strong>aere</strong></span> <span class='ocrx_word' id='word_1_346' title='bbox 1667 3093 1708 3126; x_wconf 87' lang='lat' dir='ltr'><strong>et</strong></span> <span class='ocrx_word' id='word_1_347' title='bbox 1730 3087 1836 3138; x_wconf 55' lang='lat'>119}</span> <span class='ocrx_word' id='word_1_348' title='bbox 1868 3084 1912 3125; x_wconf 89' lang='lat' dir='ltr'><strong>in</strong></span> 
     </span>
    </p>
   </div>
   <div class='ocr_carea' id='block_1_3' title="bbox 1969 0 2066 3548">
    <p class='ocr_par' dir='ltr' id='par_1_11' title="bbox 1969 0 2066 3548">
     <span class='ocr_line' id='line_1_41' title="bbox 1969 0 2066 3548; baseline 0 0"><span class='ocrx_word' id='word_1_349' title='bbox 1969 0 2066 3548; x_wconf 95' lang='lat' dir='ltr'><strong> </strong></span> 
     </span>
    </p>
   </div>
  </div>
 </body>
</html>
