2066 3548
0 3346 7 3548 *fia—v
0 3291 2 3318 .-
0 3270 2 3275 γ

173 232 322 312 Lim-:R
343 262 561 322 Saeuum]
613 261 933 305 PRINCIPIA
964 261 1461 331 MATHEMATI-CA,
1801 269 1885 307 265

393 446 772 490 PROPOSITIO
802 443 978 489 XLIII.
1038 444 1400 488 THEOREMA
1430 445 1669 488 XXXIV.-

159 558 323 632 Corpus
352 592 463 618 omne
490 576 694 618 tremulum
723 577 768 616 in
797 576 925 617 medio
954 576 1115 617 elastico
1141 576 1392 630 propagabit
1423 581 1566 616 motum
1591 576 1777 629 pulsuum
1805 592 1880 618 un-

226 653 343 705 dique
372 651 416 691 in
445 650 633 690 directum
645 670 661 696 ;
699 649 743 689 in
771 649 899 689 medio
929 645 1021 690 verb
1049 661 1129 688 non
1157 648 1318 698 clastico
1345 653 1488 688 motum
1517 647 1746 694 circularem
1775 651 1880 691 exci-

225 725 342 766 tabit.

227 839 317 880 Cas.
341 842 379 879 1.
410 837 522 878 Nam
540 844 680 893 partes
700 836 887 892 corporis
906 836 1074 879 tremuli
1085 835 1243 878 vicibus
1257 835 1426 878 alternis
1439 835 1579 877 eundo
1594 844 1636 878 et
1647 835 1878 887 redeundo,

166 908 229 950 itu
258 924 333 950 suo
361 909 570 966 urgebunt
597 916 639 950 et
660 903 896 964 propellent
923 916 1062 963 partes
1091 907 1219 949 medii
1248 907 1326 948 sibi
1353 907 1580 962 proximas,
1617 914 1659 949 et
1688 907 1880 964 urgendo

168 976 443 1035 compriment
462 980 628 1022 easdem
649 988 690 1022 et
709 979 1047 1030 condensabunt3
1078 978 1175 1020 dein
1194 979 1332 1021 reditu
1352 994 1429 1021 suo
1449 978 1586 1021 sinent
1604 987 1744 1034 partes
1765 994 1878 1021 com-

166 1065 328 1106 pressas
347 1051 541 1093 recedere
561 1059 605 1092 et
623 1065 713 1092 sese
733 1050 982 1106 expandere.
1043 1049 1178 1107 Igitur
1195 1058 1335 1105 partes
1354 1050 1482 1091 medii
1502 1050 1672 1105 corpori
1701 1050 1881 1092 tremulo

166 1121 370 1177 proximae
389 1121 509 1163 ibunt
528 1129 570 1162 et
589 1120 783 1162 redibunt
801 1134 878 1176 per
897 1121 1020 1170 vices,
1043 1119 1097 1161 ad
1116 1120 1246 1161 instar
1259 1120 1442 1175 partium
1455 1120 1640 1175 corporis
1659 1120 1769 1162 illius
1790 1128 1875 1162 tre-

165 1193 291 1234 muli:
323 1201 366 1234 et
385 1191 466 1249 qua
486 1192 646 1234 ratione
664 1200 803 1248 partes
825 1192 1010 1247 corporis
1039 1191 1164 1248 hujus
1194 1192 1407 1249 agitabant
1435 1192 1559 1234 hasce
1579 1193 1706 1234 medii
1725 1201 1877 1248 partes,

166 1263 235 1304 hae
270 1262 470 1304 similibus
498 1262 749 1304 tremoribus
780 1262 946 1320 agitatae
975 1262 1192 1319 agitabunt
1220 1269 1359 1317 partes
1380 1262 1458 1303 sibi
1482 1263 1709 1317 proximas,
1741 1266 1885 1320 eaeque

167 1333 354 1376 similiter
382 1333 547 1390 agitatae
577 1334 794 1391 agitabunt
822 1333 1052 1384 ulteriores,
1086 1340 1127 1374 et
1157 1333 1215 1374 sic
1244 1333 1439 1388 deinceps
1469 1333 1513 1374 in
1542 1333 1765 1375 infinitum.
1828 1334 1885 1376 Et

167 1405 518 1462 quemadmodum
546 1405 674 1446 medii
693 1412 831 1460 partes
851 1405 999 1461 primae
1019 1404 1157 1446 eundo
1187 1404 1495 1446 condensantur
1514 1412 1556 1445 et
1574 1404 1791 1446 redeundo
1819 1419 1883 1446 re-

166 1476 373 1527 laxantur,
405 1477 463 1517 sic
491 1483 631 1531 partes
651 1476 823 1532 reliquae
843 1476 1003 1532 quoties
1024 1483 1124 1517 eunt
1143 1475 1523 1525 condensabuntur,
1556 1483 1597 1516 et
1627 1475 1787 1531 quoties
1817 1490 1884 1516 re-

167 1548 298 1590 deunt
327 1564 415 1591 sese
444 1548 696 1604 expandent.
757 1548 813 1590 Et
832 1556 1054 1603 propterea
1072 1562 1158 1588 non
1178 1562 1322 1588 omnes
1342 1547 1462 1588 ibunt
1482 1554 1524 1588 et
1544 1546 1666 1587 simul
1686 1546 1883 1588 redibunt

168 1620 244 1675 (sic
274 1620 386 1661 enim
415 1620 707 1662 determinatas
728 1619 780 1660 ab
801 1619 977 1661 invicem
996 1619 1209 1660 distantias
1230 1618 1445 1668 servando,
1476 1632 1563 1658 non
1583 1619 1828 1659 rarefierent
1847 1627 1887 1660 et

167 1692 520 1732 condensarentur
539 1705 616 1745 per
636 1690 761 1742 vices)
785 1690 858 1731 sed
878 1689 1116 1731 accedendo
1136 1689 1189 1730 ab
1209 1689 1387 1730 invicem
1406 1688 1479 1730 ubi
1499 1688 1821 1739 condensantur,
1835 1697 1886 1731 ·et

165 1763 400 1805 recedendo
421 1763 493 1804 ubi
513 1762 726 1813 iarefiunt,
759 1762 803 1817 (f)
825 1762 974 1818 aliquae
994 1777 1138 1804 earum
1157 1762 1278 1803 ibunt
1297 1761 1398 1802 dum
1419 1761 1511 1802 aliae
1530 1761 1731 1811 redeunt3
1762 1761 1887 1818 idque

165 1835 323 1877 vicibus
344 1835 542 1877 alternis'
531 1850 575 1876 ln
594 1835 814 1876 infinitum.
877 1835 1021 1876 Partes
1051 1844 1189 1876 autem
1220 1843 1364 1876 euntes
1385 1843 1427 1876 et
1446 1834 1586 1876 eundo
1606 1835 1884 1885 condensatae,

874 1896 928 1913 ’.-
1155 1890 1229 1900 ...α
1568 1884 1873 1900 ἐι-«ψυκν-ννυψ-νυ--

166 1989 388 2036 propterea
416 1981 559 2036 pulsus
580 1980 796 2022 successivi
815 1996 841 2021 a
861 1994 1037 2035 corpore
1057 1980 1172 2021 omni
1190 1980 1400 2021 tremulo
1389 1995 1433 2020 1n
1453 1980 1657 2022 directum
1677 1994 1885 2038 propana-

165 2053 346 2103 buntur3
390 2053 516 2109 idque
545 2053 772 2108 aequalibus
802 2053 965 2093 circiter
993 2053 1046 2093 ab
1075 2052 1249 2093 invicem
1281 2052 1498 2102 distantiis,
1537 2054 1589 2108 (g)
1623 2053 1679 2094 ob
1709 2054 1885 2109 aequalia

168 2125 365 2180 temporis
381 2124 608 2174 intervalla,
632 2123 782 2180 quibus
804 2138 954 2178 corpus
973 2123 1223 2164 tremoribus
1245 2122 1327 2163 suis
1348 2122 1520 2179 singulis
1534 2123 1719 2179 singulos
1738 2124 1884 2178 pulsus

169 2199 333 2240 excitat.
362 2236 369 2248 ,,
395 2198 451 2239 Et
471 2211 707 2253 quanquam
727 2196 910 2251 corporis
930 2195 1095 2237 tremuli
1114 2203 1252 2250 partes
1283 2204 1379 2236 eant
1398 2204 1439 2236 et
1458 2196 1630 2238 redeant
1656 2197 1883 2239 secundum

168 2270 336 2326 plagam
365 2268 548 2325 aliquam
569 2276 724 2309 certam
744 2267 1133 2317 et-determinatam,
1166 2276 1304 2308 tamen
1323 2267 1468 2322 pulsus
1487 2268 1585 2309 inde
1604 2283 1680 2324 per
1699 2269 1882 2311 medium

429 2394 737 2426 PROPOSITIO.
1039 2395 1123 2434 poris
1145 2400 1353 2434 propagatur.-
1381 2395 1465 2436 quod
1486 2395 1612 2436 quidem
1633 2396 1747 2427 leviora
1768 2397 1882 2428 chartae

1045 2436 1177 2467 frustula
1191 2436 1363 2476 superficiei
1385 2439 1518 2478 corporis
1539 2440 1709 2470 resonantis
1726 2439 1880 2479 imposita,

213 2485 286 2513 809.
311 2481 442 2521 Corpora
453 2490 559 2511 sonora
570 2481 751 2519 homogenea
763 2485 791 2510 et
805 2480 914 2510 similia
929 2490 1004 2520 quo-
1049 2486 1182 2510 tremore
1197 2489 1254 2509 suo
1268 2479 1415 2511 indicant.

169 2534 243 2555 rum
263 2525 360 2554 latera
381 2524 535 2562 homotoga
557 2524 705 2553 rationem
725 2523 833 2552 habent
853 2524 1006 2554 inversam

169 2576 369 2598 numerorum
384 2569 434 2602 24,
453 2568 503 2601 27,
521 2568 571 2600 80,
583 2568 636 2601 32,
649 2568 701 2601 86,
718 2568 769 2601 40,
786 2567 837 2601 45,
854 2568 906 2600 48,
922 2570 1007 2595 tonos

169 2610 276 2644 edunt,
306 2609 376 2642 UT,
402 2610 478 2644 RE,
502 2609 570 2644 Ml,
595 2608 668 2644 FA,
684 2608 775 2642 SOL,
792 2607 864 2640 LA,
882 2608 931 2642 SI,
954 2612 1000 2637 ut.

172 2650 268 2681 Hauc
279 2649 523 2689 Propositionem
532 2651 663 2689 probant
673 2649 882 2689 experimenta
891 2658 962 2689 quae
971 2649 1005 2678 in

170 2693 337 2731 campanis,
353 2692 498 2733 cylindris
512 2699 542 2723 et
557 2692 751 2731 prismatibus
761 2691 960 2731 homogeneis
970 2698 1003 2722 et

169 2734 323 2766 similibus
346 2736 521 2768 habuerunt
547 2735 737 2765 Mei-sennus
761 2734 795 2764 in
826 2733 1002 2764 Harmonia

173 2776 348 2808 Universali
361 2783 393 2808 et
408 2778 451 2808 D.
472 2776 568 2810 Can-6
582 2777 616 2807 in
631 2777 778 2807 Monum-
798 2774 897 2806 Acad.
919 2776 1000 2818 Reg-

171 2829 227 2851 ειη.
250 2822 340 2851 1709.

431 2947 638 2979 PROPOSI
644 2947 692 2978 TI
697 2947 738 2978 Ο

214 3035 287 3063 310.
313 3030 406 3064 Dum
420 3044 528 3073 corpus
542 2989 872 3073 sonorumperclutimm
884 3037 1001 3063 tremu-

172 3077 220 3106 lus
246 3076 470 3114 particularum
499 3082 597 3107 motus
624 3087 659 3108 ετ
686 3078 751 3107 ictu
778 3080 807 3105 et
829 3076 859 3105 vi
883 3072 1004 3105 elascicd

172 3124 302 3155 creatus,
329 3120 447 3150 remotis
469 3120 635 3158 obstaculis,
655 3130 715 3160 per
735 3118 923 3160 superficiem
937 3128 1005 3148 cor-

1307 2607 1614 2641 PROPOSITIO.

1087 2694 1158 2723 811.
1190 2694 1354 2733 Campam
1364 2695 1478 2737 figura
1500 2696 1563 2725 ictu
1588 2696 1678 2726 clovoe
1697 2695 1742 2726 fui
1763 2698 1880 2728 mutari

1046 2737 1139 2766 oculis
1161 2737 1297 2766 comitur
1311 2743 1347 2768 uc
1362 2746 1437 2768 cum
1455 2739 1589 2768 rotunda
1610 2744 1692 2775 esset,
1705 2740 1772 2781 fiae
1793 2746 1880 2770 ovata

1047 2784 1075 2808 ee
1091 2777 1228 2818 quandin>
1242 2781 1371 2810 auditur
1384 2790 1485 2816 sonus,
1501 2781 1627 2811 alternis
1642 2786 1779 2812 mutatur
1793 2783 1879 2813 oscil-

1046 2821 1220 2851 lotionibus.

1085 2866 1156 2893 312.
1176 2865 1270 2894 Corol.
1299 2863 1350 2893 Ex
1365 2863 1463 2894 tribus
1478 2864 1596 2895 ultimis
1613 2864 1879 2915 Propositiom'bus

1043 2904 1227 2935 concludere
1242 2900 1321 2939 licet,
1339 2912 1375 2935 ut
1390 2906 1423 2935 in
1438 2907 1581 2937 chordis·
1572 2914 1615 2938 ita
1629 2914 1660 2938 et
1674 2909 1707 2938 in
1727 2908 1795 2940 aliis
1809 2919 1877 2940 cor-

1045 2948 1170 2986 poribus
1194 2949 1417 2982 resonantibus,
1442 2955 1532 2980 tonos
1553 2950 1687 2988 pendere
1708 2962 1727 2981 a
1747 2961 1878 2982 numero

1045 2989 1251 3020 vibrationum
1273 3000 1328 3019 seu
1349 2990 1591 3022 undulationum
1613 3004 1684 3034 quae
1706 2993 1779 3026 dato
1800 3001 1878 3026 tem-

1044 3043 1118 3072 pore
1132 3038 1330 3073 peraguntur.

1090 3075 1130 3116 (f)
1147 3077 1270 3115 Aliqnae
1283 3086 1392 3107 earum
1406 3078 1494 3108 ibunt
1509 3077 1612 3118 (294).

1089 3118 1135 3159 (Β)
1154 3120 1169 3136 ¹*
1192 3119 1233 3149 0b
1247 3120 1376 3160 aequalia
1391 3122 1530 3160 temporis
1551 3122 1707 3153 intervalla
1724 3122 1827 3164 (300)-

1910 1875 1926 1903 'A

1943 1795 1974 1848 ,s

1931 1842 1960 1874 f(
1971 1849 2001 1870 gx
2021 1854 2026 1861 ¹

168 1910 223 1950 ob
252 1918 413 1950 motum
448 1924 568 1950 suum
599 1908 923 1965 progressivum,
962 1922 1046 1964 quo
1074 1907 1228 1949 feriunt
1256 1906 1482 1957 obstacula,
1516 1914 1612 1948 sunt
1642 1907 1810 1962 pulsus3
1845 1917 1902 1955 et>
1926 1908 2013 1943 s
2045 1939 2066 1945 ,4

2019 1798 2063 1857 s]
