2066 3548
210 250 290 286 186
606 241 1052 286 PHILOSOPHIAE
1084 241 1442 285 NATURALIS
1525 240 1670 293 [Mo-r.
1693 239 1893 281 Com-oa.

201 354 384 396 deranda
404 355 526 405 venit,
549 355 602 396 sit
621 355 675 396 ad
693 355 963 396 resistentiam
983 354 1165 409 ejusdem
1180 351 1356 408 *penduli
1375 352 1512 402 totius,
1542 351 1686 393 eadem
1706 365 1810 392 cum*
1827 364 1898 391 ve-

199 425 363 468 locitate
393 425 436 467 in
470 428 564 467 a'ere
594 425 830 475 oscillantis,
868 425 920 480 (¹²)
941 433 988 466 ut
1007 431 1090 467 850
1110 424 1164 465 ad
1187 428 1205 465 1
1230 424 1404 472 circiter,
1439 421 1519 463 hoc
1538 428 1611 471 est,
1648 429 1695 462 ut
1713 421 1893 462 densitas

201 512 320 553 aquae
338 496 392 538 ad
411 497 654 538 densitatem
673 496 778 537 a‘eris
798 495 1123 551 quamproxime.

259 568 311 611 In
336 569 417 610 hoc
446 567 604 609 calculo
635 567 741 609 sumi
769 582 933 624 quoque
962 568 1132 609 deberet
1158 581 1253 623 pars
1281 567 1351 608 illa
1384 565 1625 607 resistentiae
1657 562 1824 618 penduli
1855 562 1900 603 in

203 639 321 695 aqua,
344 652 437 693 quae
458 646 565 679 esset
583 645 630 679 ut
650 637 895 693 quadratum
914 638 1151 688 velocitatis,
1175 637 1245 679 sed
1268 636 1397 693 (quod
1411 636 1560 676 mirum
1577 634 1681 676 forte
1695 632 1897 685 videatur)
1916 670 1919 673 .

159 749 164 754 ,
204 708 434 751 resistentia
462 708 506 748 in
529 723 636 763 aqua
664 708 891 764 augebatur
919 708 960 748 in
990 708 1147 749 ratione
1174 708 1396 749 velocitatis
1429 708 1647 763 plusquam
1681 697 1899 760 duplicata.

205 781 305 836 Ejus
326 779 386 820 rei
415 793 581 820 causam
609 778 907 835 investigando,
943 778 987 819 in
1015 777 1123 819 hanc
1151 777 1289 827 incidi,
1315 777 1427 833 quod
1455 792 1550 819 arca
1577 777 1699 818 nimis
1727 783 1901 832 angusta

152 858 155 860 ’
206 860 313 894 esset
331 867 409 907 pro
429 852 711 908 magnitudine
739 851 852 908 globi
881 851 1064 906 penduli,
1098 859 1139 892 et
1167 857 1325 891 motum
1356 863 1473 904 aquae
1507 849 1687 890 cedentis
1717 862 1806 903 prae
1828 846 1903 888 an-

203 923 338 980 gustia
360 923 432 965 sua
454 924 573 964 nimis
601 923 862 978 impediebat.
923 923 1032 964 Nam
1063 923 1097 963 si
1125 922 1276 979 globus
1305 920 1523 975 pendulus,
1559 921 1674 976 cujus
1704 920 1903 962 diameter

203 1002 291 1037 erat
303 995 421 1051 digiti
437 994 570 1044 unius,
585 994 920 1050 immergeretur3
941 993 1173 1034 resistentia
1192 992 1431 1048 augebatur,
1452 991 1496 1031 in
1515 989 1720 1045 duplicata
1741 990 1898 1031 ratione

202 1065 427 1115 velocitatis
448 1079 571 1119 quam
591 1063 792 1118 proxime.
853 1063 904 1104 Id
923 1063 1129 1104 tentabam
1153 1062 1430 1103 construendo
1449 1060 1676 1116 pendulum
1696 1075 1748 1102 ex
1766 1059 1916 1117 globis

205 1137 381 1187 duobus,
404 1150 577 1192 quorum
598 1135 766 1177 inferior
785 1143 826 1177 et
845 1136 980 1177 minor
1000 1135 1253 1177 osc'illaretur
1272 1136 1314 1176 in
1335 1134 1454 1190 aqua,
1491 1134 1677 1189 superior
1705 1142 1746 1175 et
1771 1133 1904 1188 major

204 1206 395 1262 proxime
425 1221 550 1261 supra
569 1221 717 1261 aquam
737 1206 810 1246 filo
829 1206 975 1247 affixus
1005 1214 1125 1256 esset,
1159 1214 1200 1248 et
1227 1206 1271 1246 in
1301 1208 1394 1247 aere
1424 1205 1662 1255 oscillando,
1694 1204 1917 1260 adjuvaret.

204 1285 363 1319 motum
383 1277 554 1331 penduli
574 1291 750 1332 eumque
769 1276 1070 1318 diuturniorem
1090 1276 1295 1318 redderet.
1355 1276 1649 1330 Experimenta
1668 1282 1805 1316 autem
1823 1273 1904 1314 hoc

205 1349 332 1391 modo
351 1348 536 1390 instituta
556 1363 599 1390 se
617 1348 826 1390 habebant
843 1357 890 1391 ut
914 1351 963 1405 (⁰)
983 1349 1027 1390 in
1046 1348 1188 1391 tabula
1209 1357 1403 1405 sequente
1424 1348 1679 1390 describitur.

336 1465 463 1506 Arcus
483 1467 665 1507 descensu
676 1467 812 1519 primo
832 1466 1047 1519 descriptus
1099 1471 1149 1507 16
1210 1472 1234 1507 8
1322 1471 1348 1506 4
1447 1470 1473 1505 2
1563 1470 1580 1505 1
1643 1466 1669 1516 ᾖ
1730 1465 1755 1517 ὲ

335 1534 463 1576 Arcas
482 1549 642 1576 ascensu
664 1537 802 1576 ultimo
825 1536 1040 1589 descriptus
1092 1540 1142 1576 12
1202 1541 1228 1577 6
1317 1541 1341 1576 3
1451 1536 1500 1587 Ιὲ
1558 1533 1583 1583 Ξ
1639 1532 1664 1582 *ἒ
1710 1533 1763 1585 T⁵3

335 1605 506 1646 Arcuum
514 1607 602 1662 deff
612 1608 733 1647 motui
741 1607 882 1648 amisso
887 1612 1070 1660 proport.
1121 1612 1147 1647 4
1207 1611 1233 1646 2
1315 1611 1330 1645 1
1469 1607 1495 1656 ᾗ
1552 1604 1576 1654 ὲ-
1635 1607 1657 1657 ὲ
1705 1604 1759 1655 1³6

338 1677 534 1719 Numerus
553 1678 839 1720 oscillationum
1115 1676 1164 1727 ΒΞ
1201 1679 1252 1730 δὲ
1278 1677 1384 1728 12ῑ1ξ
1410 1676 1492 1731 2Ιῇ
1519 1680 1573 1716 34
1605 1679 1658 1716 53
1680 1674 1761 1726 62}

1090 1742 1095 1761 Ι

264 1804 527 1846 conferendo
550 1805 796 1847 resistentias
815 1805 1046 1846 mediorum
1066 1804 1173 1845 inter
1193 1818 1249 1853 se,
1281 1803 1398 1844 effeci
1421 1802 1543 1843 etiam
1563 1809 1609 1842 ut
1627 1798 1808 1855 pendula
1825 1798 1906 1839 fer-

203 1890 275 1917 rea
304 1876 589 1918 oscillarentur
608 1877 651 1917 in
672 1884 844 1933 argento
863 1877 967 1918 vivo.
1027 1875 1267 1933 Longitudo
1286 1875 1487 1916 fili'ferrei
1502 1882 1590 1916 erat
1608 1873 1761 1928 pedum
1790 1870 1911 1927 quasi

205 1945 342 1995 trium,
365 1953 406 1986 et
426 1945 624 1987 diameter
643 1945 756 2002 globi
777 1946 947 2001 penduli
966 1945 1082 2001 quasi
1103 1945 1221 1986 tertia
1241 1958 1336 1999 pars
1356 1944 1484 2000 digiti.
1545 1942 1615 1984 Ad
1635 1941 1751 1982 filum
1771 1948 1908 1983 autem

204 2015 393 2070 proxime
414 2031 539 2072 supra
558 2017 805 2058 mercurium
828 2017 973 2057 affixus
994 2023 1081 2057 erat
1099 2015 1246 2072 globus
1267 2015 1368 2055 alius
1387 2013 1604 2068 plumbeus
1620 2011 1714 2055 satis
1734 2026 1912 2069 magnus

210 2088 263 2128 ad
283 2095 439 2129 motum
459 2088 629 2142 penduli
649 2088 802 2129 diutius
822 2086 1158 2128 continuandum.
1219 2085 1331 2126 Tum
1351 2083 1574 2135 vasculum,
1596 2083 1708 2140 quod
1723 2082 1910 2138 capiebat

207 2158 326 2213 quasi
348 2158 474 2198 libras
495 2166 577 2199 tres
598 2158 757 2214 argenti
786 2158 879 2208 vivi,
910 2157 1132 2212 implebam
1161 2155 1319 2196 vicibus
1348 2155 1514 2197 alternis
1544 2161 1715 2211 argento
1747 2153 1840 2195 vivo
1864 2159 1911 2194 >et

207 2228 311 2285 aqua
328 2228 548 2278 communi,
582 2236 627 2270 ut
647 2228 829 2283 pendulo
849 2229 892 2269 in
911 2228 1040 2269 fluido
1059 2235 1234 2282 utroque
1255 2224 1480 2267 successive
1501 2224 1722 2274 oscillante,
1752 2221 1909 2264 inveni-

209 2315 296 2342 rem
315 2300 626 2355 proportionem
646 2300 989 2349 resistentiarum3
1010 2307 1051 2340 et
1070 2299 1225 2354 prodiit
1244 2298 1476 2340 resistentia
1494 2297 1654 2354 argenti
1672 2297 1754 2337 vivi
1772 2295 1824 2337 ad
1844 2307 1910 2336 re-

210 2372 436 2412 sistentiam
457 2386 575 2426 aquae
595 2378 642 2412 ut
664 2377 715 2413 13
736 2371 801 2412 vel
824 2377 875 2411 14·
897 2370 949 2411 ad
973 2376 991 2411 1
1017 2369 1198 2411 circiter:
1230 2368 1274 2409 id
1293 2376 1367 2418 est,
1388 2376 1435 2409 ut
1454 2367 1632 2409 densitas
1650 2365 1811 2422 'argenti
1828 2364 1911 2406 vivi

209 2443 261 2484 ad
282 2443 525 2484 densitatem
545 2457 679 2498 aquae.
739 2442 826 2484 Ubi
845 2441 1015 2498 globum
1035 2439 1260 2495 pendulum
1279 2438 1404 2493 paulo
1422 2438 1621 2493 majorem
1648 2435 1908 2487 adhibebam,

211 2513 312 2569 puta
341 2514 457 2568 cujus
486 2513 686 2554 diameter
705 2519 811 2554 esset
831 2511 948 2568 quasi
967 2512 990 2562 ὲ
1013 2510 1078 2551 vel
1099 2511 1123 2561 ἓ
1142 2516 1279 2564 partes
1299 2508 1429 2564 digiti,
1462 2507 1654 2562 prodibat
1683 2505 1910 2547 resistentia

211 2584 370 2642 argenti
389 2584 470 2626 vivi
489 2584 532 2624 in
552 2583 599 2625 ea
620 2583 779 2625 ratione
799 2582 851 2624 ad
871 2581 1143 2623 resistentiam
1162 2593 1293 2636 aquae,
1324 2592 1447 2634 quam
1475 2576 1601 2618 habet
1628 2589 1824 2617 numerus
1857 2579 1910 2617 12

212 2728 214 2731 ’
255 2726 303 2768 (’“)
320 2729 337 2747 ⁸
362 2729 403 2758 Ut
424 2729 497 2758 850.
514 2729 556 2758 ad
574 2730 587 2758 l
605 2727 732 2758 circiter.
782 2724 814 2756 Si
840 2723 923 2754 enim
952 2722 1041 2753 resIs-
1085 2731 1157 2753 casu
1171 2730 1367 2762 unoquoque,
1391 2724 1422 2750 et
1437 2717 1603 2758 prodibunt
1617 2717 1797 2748 differentia
1812 2715 1908 2755 inoffi

212 2769 307 2799 tentia
321 2768 365 2799 fili
380 2775 512 2808 ponatur
533 2775 570 2799 ut
590 2768 682 2808 supra
702 2768 819 2798 factum
838 2771 893 2803 est,
916 2764 1042 2804 aequalis
1083 2763 1238 2794 cillatione
1251 2762 1315 2793 una
1329 2761 1474 2792 mediocri
1491 2763 1601 2791 1.1851
1616 2772 1625 2798 ;
1641 2763 1776 2797 030763
1793 2761 1889 2790 ‚0827
1897 2769 1908 2796 ς

212 2811 309 2841 tertiae
333 2811 415 2850 parti
437 2810 615 2841 resistentie
639 2810 734 2841 totius
749 2809 783 2839 in
797 2809 877 2844 a'ere,
901 2808 958 2838 erit
978 2807 1042 2837 fere
1084 2809 1202 2843 .02353
1224 2808 1341 2842 .00733
1365 2806 1481 2840 -00233
1508 2807 1606 2834 .0010
1629 2812 1699 2843 quae
1721 2807 1794 2832 sunt
1816 2810 1910 2841 quam

213 2853 382 2883 resistentia
402 2852 529 2892 penduli
545 2853 579 2883 in
593 2852 673 2893 aqua
687 2851 726 2883 ad
751 2852 818 2893 ejus
840 2848 1041 2880 resistentiam
1085 2846 1224 2888 proxime
1238 2853 1274 2878 ut
1286 2845 1432 2887 quadrata
1447 2844 1651 2882 velocitatum,
1667 2844 1730 2874 sive
1744 2849 1780 2874 ut
1793 2846 1831 2874 16
1839 2854 1850 2881 ς
1865 2846 1885 2873 4
1900 2853 1911 2880 3

215 2908 310 2933 iotam
334 2904 366 2933 in
386 2905 454 2934 a'e're
469 2910 505 2934 ut
519 2906 581 2935 535
597 2922 644 2940 -,
654 2893 707 2947 '1⁶3
720 2902 760 2934 ad
779 2907 792 2934 1
810 2894 837 2946 2}-
850 2920 891 2927 —
906 2891 968 2945 ἦ,
986 2912 1041 2932 seu
1087 2901 1097 2928 1
1114 2910 1131 2947 ;.
1146 2898 1186 2940 {3
1202 2891 1324 2949 {ze-&3
1340 2890 1466 2947 {Tg-in
1486 2897 1653 2939 majoribus
1673 2894 1910 2927 osculationibus

217 2960 253 2984 ut
268 2958 351 2986 2673
365 2955 404 2986 ad
418 2959 448 2991 4,
477 2962 507 2986 et
533 2959 615 2988 2678
633 2960 667 2994 χ
686 2946 779 3000 σιξ-9
794 2954 833 2986 nd
847 2957 868 2985 4
884 2958 918 2992 ><
935 2945 1040 2997 4835,
1084 2951 1201 2979 pnores
1215 2941 1446 2990 emm-fernum.
1460 2946 1533 2989 ⁵¹¹¹,st
1556 2938 1695 2991 proxigne
1716 2936 1909 2988 {equinam

216 3003 253 3027 ut
268 3000 286 3025 g
288 3000 330 3027 50
345 2997 385 3027 „d
402 3001 414 3027 1
434 2998 562 3028 chester·
1084 2982 1149 3013 fere
1159 2983 1333 3024 quadrupli,
1357 2993 1390 3013 m
1404 2984 1574 3013 minoribus
1587 2992 1659 3012 vero
1672 2979 1910 3012 osculationibus

261 3038 309 3079 (0)
328 3041 343 3058 ¹*
362 3041 403 3069 In
419 3039 520 3071 tabum
535 3046 684 3080 sequente.
733 3042 875 3070 Arcuum
897 3037 1039 3070 differen-
1084 3025 1290 3063 praecedenoe'
1313 3024 1437 3057 mini
1459 3030 1533 3056 sunt
1546 3024 1580 3056 5¹¹
1593 3023 1712 3055 mium
1733 3021 1850 3054 ”⁶⁰⁰⁰
1869 3019 1908 3053 ad

218 3079 268 3110 tiae
293 3080 467 3111 dividantur
490 3092 544 3120 per
568 3092 731 3113 numerum
759 3081 985 3114 cavillationum
1009 3081 1042 3112 in
1084 3074 1251 3108 minente&
