<?xml version="1.0" encoding="UTF-8"?>
<!DOCTYPE html PUBLIC "-//W3C//DTD XHTML 1.0 Transitional//EN"
    "http://www.w3.org/TR/xhtml1/DTD/xhtml1-transitional.dtd">
<html xmlns="http://www.w3.org/1999/xhtml" xml:lang="en" lang="en">
 <head>
  <title>
</title>
<meta http-equiv="Content-Type" content="text/html;charset=utf-8" />
  <meta name='ocr-system' content='tesseract 3.04.00' />
  <meta name='ocr-capabilities' content='ocr_page ocr_carea ocr_par ocr_line ocrx_word'/>
</head>
<body>
  <div class='ocr_page' id='page_1' title='image "./philosophiaenatu02newtuoft_0170.png"; bbox 0 0 2066 3548; ppageno 0'>
   <div class='ocr_carea' id='block_1_1' title="bbox 638 268 1938 323">
    <p class='ocr_par' dir='ltr' id='par_1_1' title="bbox 638 268 1938 323">
     <span class='ocr_line' id='line_1_1' title="bbox 638 268 1938 323; baseline -0.001 -10"><span class='ocrx_word' id='word_1_1' title='bbox 638 268 1089 314; x_wconf 85' lang='lat' dir='ltr'><strong>PHILOSOPHIAE</strong></span> <span class='ocrx_word' id='word_1_2' title='bbox 1121 269 1484 313; x_wconf 86' lang='lat' dir='ltr'><strong>NATURALIS</strong></span> <span class='ocrx_word' id='word_1_3' title='bbox 1571 270 1717 323; x_wconf 68' lang='lat' dir='ltr'><strong>[Mor.</strong></span> <span class='ocrx_word' id='word_1_4' title='bbox 1736 270 1938 313; x_wconf 60' lang='lat' dir='ltr'><strong>Conon.</strong></span> 
     </span>
    </p>
   </div>
   <div class='ocr_carea' id='block_1_2' title="bbox 232 268 315 315">
    <p class='ocr_par' dir='ltr' id='par_1_2' title="bbox 232 268 315 315">
     <span class='ocr_line' id='line_1_2' title="bbox 232 268 315 315; baseline 0.024 -2"><span class='ocrx_word' id='word_1_5' title='bbox 232 268 315 315; x_wconf 68' lang='lat'><strong><em>1¹56</em></strong></span> 
     </span>
    </p>
   </div>
   <div class='ocr_carea' id='block_1_3' title="bbox 220 383 1939 1363">
    <p class='ocr_par' dir='ltr' id='par_1_3' title="bbox 220 383 1939 1363">
     <span class='ocr_line' id='line_1_3' title="bbox 227 383 1937 442; baseline -0.001 -15"><span class='ocrx_word' id='word_1_6' title='bbox 227 385 344 429; x_wconf 84' lang='lat' dir='ltr'><strong>simae</strong></span> <span class='ocrx_word' id='word_1_7' title='bbox 373 383 518 426; x_wconf 87' lang='lat' dir='ltr'><strong>iisdem</strong></span> <span class='ocrx_word' id='word_1_8' title='bbox 552 384 807 440; x_wconf 85' lang='lat' dir='ltr'>temporibus</span> <span class='ocrx_word' id='word_1_9' title='bbox 835 391 1092 441; x_wconf 85' lang='lat' dir='ltr'><strong>peraguntur</strong></span> <span class='ocrx_word' id='word_1_10' title='bbox 1120 398 1169 425; x_wconf 89' lang='lat' dir='ltr'><strong>ac</strong></span> <span class='ocrx_word' id='word_1_11' title='bbox 1197 385 1241 425; x_wconf 88' lang='lat' dir='ltr'><strong>in</strong></span> <span class='ocrx_word' id='word_1_12' title='bbox 1274 383 1413 426; x_wconf 90' lang='lat' dir='ltr'><strong>medio</strong></span> <span class='ocrx_word' id='word_1_13' title='bbox 1438 398 1524 425; x_wconf 92' lang='lat' dir='ltr'><strong>non</strong></span> <span class='ocrx_word' id='word_1_14' title='bbox 1551 385 1779 436; x_wconf 86' lang='lat' dir='ltr'><strong>resistente,</strong></span> <span class='ocrx_word' id='word_1_15' title='bbox 1811 384 1937 442; x_wconf 70' lang='lat' dir='ltr'><strong>quam</strong></span> 
     </span>
     <span class='ocr_line' id='line_1_4' title="bbox 224 454 1939 511; baseline 0 -14"><span class='ocrx_word' id='word_1_16' title='bbox 224 454 427 511; x_wconf 76' lang='lat' dir='ltr'><strong>proxime.</strong></span> <span class='ocrx_word' id='word_1_17' title='bbox 488 455 646 497; x_wconf 88' lang='lat' dir='ltr'><strong>Earum</strong></span> <span class='ocrx_word' id='word_1_18' title='bbox 677 454 776 496; x_wconf 79' lang='lat' dir='ltr'><strong>vero</strong></span> <span class='ocrx_word' id='word_1_19' title='bbox 808 470 901 511; x_wconf 80' lang='lat' dir='ltr'><strong>quae</strong></span> <span class='ocrx_word' id='word_1_20' title='bbox 929 455 972 496; x_wconf 91' lang='lat' dir='ltr'><strong>in</strong></span> <span class='ocrx_word' id='word_1_21' title='bbox 1001 455 1224 511; x_wconf 87' lang='lat' dir='ltr'><strong>majoribus</strong></span> <span class='ocrx_word' id='word_1_22' title='bbox 1253 455 1430 497; x_wconf 85' lang='lat' dir='ltr'><strong>arcubus</strong></span> <span class='ocrx_word' id='word_1_23' title='bbox 1464 455 1584 505; x_wconf 86' lang='lat' dir='ltr'><strong>fiunt,</strong></span> <span class='ocrx_word' id='word_1_24' title='bbox 1620 463 1808 511; x_wconf 88' lang='lat' dir='ltr'><strong>tempora</strong></span> <span class='ocrx_word' id='word_1_25' title='bbox 1841 462 1939 497; x_wconf 86' lang='lat' dir='ltr'><strong>sunt</strong></span> 
     </span>
     <span class='ocr_line' id='line_1_5' title="bbox 224 526 1934 584; baseline -0.001 -14"><span class='ocrx_word' id='word_1_26' title='bbox 224 528 351 583; x_wconf 76' lang='lat' dir='ltr'><strong>paulo</strong></span> <span class='ocrx_word' id='word_1_27' title='bbox 386 529 554 584; x_wconf 86' lang='lat' dir='ltr'><strong>majora,</strong></span> <span class='ocrx_word' id='word_1_28' title='bbox 592 527 643 584; x_wconf 56' lang='grc' dir='ltr'><strong>(ἃ)</strong></span> <span class='ocrx_word' id='word_1_29' title='bbox 664 535 885 583; x_wconf 88' lang='lat' dir='ltr'><strong>propterea</strong></span> <span class='ocrx_word' id='word_1_30' title='bbox 915 527 1028 583; x_wconf 77' lang='lat' dir='ltr'><strong>quod</strong></span> <span class='ocrx_word' id='word_1_31' title='bbox 1059 527 1290 569; x_wconf 86' lang='lat' dir='ltr'><strong>resistentia</strong></span> <span class='ocrx_word' id='word_1_32' title='bbox 1325 528 1368 568; x_wconf 91' lang='lat' dir='ltr'><strong>in</strong></span> <span class='ocrx_word' id='word_1_33' title='bbox 1400 527 1603 568; x_wconf 85' lang='lat' dir='ltr'><strong>descensu</strong></span> <span class='ocrx_word' id='word_1_34' title='bbox 1637 528 1822 583; x_wconf 90' lang='lat' dir='ltr'><strong>corporis</strong></span> <span class='ocrx_word' id='word_1_35' title='bbox 1853 526 1934 584; x_wconf 64' lang='lat' dir='ltr'><strong>qua</strong></span> 
     </span>
     <span class='ocr_line' id='line_1_6' title="bbox 224 597 1935 655; baseline 0 -15"><span class='ocrx_word' id='word_1_36' title='bbox 224 607 387 654; x_wconf 89' lang='lat' dir='ltr'><strong>tempus</strong></span> <span class='ocrx_word' id='word_1_37' title='bbox 425 598 682 654; x_wconf 86' lang='lat' dir='ltr'>producitur,</span> <span class='ocrx_word' id='word_1_38' title='bbox 723 599 772 655; x_wconf 59' lang='grc' dir='ltr'><strong>(θ)</strong></span> <span class='ocrx_word' id='word_1_39' title='bbox 802 599 935 654; x_wconf 87' lang='lat' dir='ltr'><strong>major</strong></span> <span class='ocrx_word' id='word_1_40' title='bbox 968 599 1020 640; x_wconf 91' lang='lat' dir='ltr'><strong>sit</strong></span> <span class='ocrx_word' id='word_1_41' title='bbox 1050 613 1128 653; x_wconf 89' lang='lat' dir='ltr'><strong>pro</strong></span> <span class='ocrx_word' id='word_1_42' title='bbox 1163 598 1322 640; x_wconf 86' lang='lat' dir='ltr'><strong>ratione</strong></span> <span class='ocrx_word' id='word_1_43' title='bbox 1353 597 1623 655; x_wconf 87' lang='lat' dir='ltr'><strong>longitudinis</strong></span> <span class='ocrx_word' id='word_1_44' title='bbox 1657 597 1700 638; x_wconf 92' lang='lat' dir='ltr'><strong>in</strong></span> <span class='ocrx_word' id='word_1_45' title='bbox 1735 598 1935 640; x_wconf 90' lang='lat' dir='ltr'><strong>descensu</strong></span> 
     </span>
     <span class='ocr_line' id='line_1_7' title="bbox 224 667 1934 725; baseline -0.001 -15"><span class='ocrx_word' id='word_1_46' title='bbox 224 669 458 724; x_wconf 86' lang='lat' dir='ltr'><strong>descriptae,</strong></span> <span class='ocrx_word' id='word_1_47' title='bbox 490 668 614 725; x_wconf 74' lang='lat' dir='ltr'><strong>quam</strong></span> <span class='ocrx_word' id='word_1_48' title='bbox 633 669 863 711; x_wconf 88' lang='lat' dir='ltr'><strong>resistentia</strong></span> <span class='ocrx_word' id='word_1_49' title='bbox 882 670 926 710; x_wconf 92' lang='lat' dir='ltr'><strong>in</strong></span> <span class='ocrx_word' id='word_1_50' title='bbox 946 682 1117 710; x_wconf 88' lang='lat' dir='ltr'><strong>ascensu</strong></span> <span class='ocrx_word' id='word_1_51' title='bbox 1148 668 1422 725; x_wconf 87' lang='lat' dir='ltr'><strong>subsequente</strong></span> <span class='ocrx_word' id='word_1_52' title='bbox 1442 667 1523 724; x_wconf 64' lang='lat' dir='ltr'><strong>qua</strong></span> <span class='ocrx_word' id='word_1_53' title='bbox 1544 676 1706 723; x_wconf 90' lang='lat' dir='ltr'><strong>tempus</strong></span> <span class='ocrx_word' id='word_1_54' title='bbox 1718 669 1934 711; x_wconf 64' lang='lat' dir='ltr'><strong>,contrahi-</strong></span> 
     </span>
     <span class='ocr_line' id='line_1_8' title="bbox 223 739 1933 796; baseline -0.001 -15"><span class='ocrx_word' id='word_1_55' title='bbox 223 749 303 782; x_wconf 88' lang='lat' dir='ltr'><strong>tur.</strong></span> <span class='ocrx_word' id='word_1_56' title='bbox 366 740 449 782; x_wconf 89' lang='lat' dir='ltr'><strong>Sed</strong></span> <span class='ocrx_word' id='word_1_57' title='bbox 469 748 511 782; x_wconf 90' lang='lat' dir='ltr'><strong>et</strong></span> <span class='ocrx_word' id='word_1_58' title='bbox 530 749 691 796; x_wconf 89' lang='lat' dir='ltr'><strong>tempus</strong></span> <span class='ocrx_word' id='word_1_59' title='bbox 712 741 1013 782; x_wconf 88' lang='lat' dir='ltr'><strong>oscillationum</strong></span> <span class='ocrx_word' id='word_1_60' title='bbox 1032 748 1117 781; x_wconf 86' lang='lat' dir='ltr'><strong>tam</strong></span> <span class='ocrx_word' id='word_1_61' title='bbox 1136 740 1323 781; x_wconf 86' lang='lat' dir='ltr'><strong>brevium</strong></span> <span class='ocrx_word' id='word_1_62' title='bbox 1353 739 1476 796; x_wconf 70' lang='lat' dir='ltr'><strong>quam</strong></span> <span class='ocrx_word' id='word_1_63' title='bbox 1505 740 1724 796; x_wconf 87' lang='lat' dir='ltr'><strong>longarum</strong></span> <span class='ocrx_word' id='word_1_64' title='bbox 1744 740 1933 781; x_wconf 90' lang='lat' dir='ltr'><strong>nonnihil</strong></span> 
     </span>
     <span class='ocr_line' id='line_1_9' title="bbox 222 809 1933 868; baseline 0 -16"><span class='ocrx_word' id='word_1_65' title='bbox 222 811 401 866; x_wconf 91' lang='lat' dir='ltr'><strong>produci</strong></span> <span class='ocrx_word' id='word_1_66' title='bbox 432 811 595 853; x_wconf 89' lang='lat' dir='ltr'><strong>videtur</strong></span> <span class='ocrx_word' id='word_1_67' title='bbox 627 826 704 867; x_wconf 93' lang='lat' dir='ltr'><strong>per</strong></span> <span class='ocrx_word' id='word_1_68' title='bbox 732 819 890 852; x_wconf 89' lang='lat' dir='ltr'><strong>motum</strong></span> <span class='ocrx_word' id='word_1_69' title='bbox 922 810 1060 851; x_wconf 91' lang='lat' dir='ltr'><strong>medii.</strong></span> <span class='ocrx_word' id='word_1_70' title='bbox 1122 809 1166 865; x_wconf 74' lang='lat' dir='ltr'><strong>(f)</strong></span> <span class='ocrx_word' id='word_1_71' title='bbox 1190 810 1301 868; x_wconf 84' lang='lat' dir='ltr'><strong>Nam</strong></span> <span class='ocrx_word' id='word_1_72' title='bbox 1334 810 1575 865; x_wconf 89' lang='lat' dir='ltr'><strong>corporibus</strong></span> <span class='ocrx_word' id='word_1_73' title='bbox 1607 810 1933 852; x_wconf 85' lang='lat' dir='ltr'><strong>tardescentibus</strong></span> 
     </span>
     <span class='ocr_line' id='line_1_10' title="bbox 222 883 1932 938; baseline 0.001 -14"><span class='ocrx_word' id='word_1_74' title='bbox 222 883 348 938; x_wconf 75' lang='lat' dir='ltr'><strong>paulo</strong></span> <span class='ocrx_word' id='word_1_75' title='bbox 373 884 508 925; x_wconf 89' lang='lat' dir='ltr'><strong>minus</strong></span> <span class='ocrx_word' id='word_1_76' title='bbox 539 884 754 934; x_wconf 89' lang='lat' dir='ltr'><strong>resistitur,</strong></span> <span class='ocrx_word' id='word_1_77' title='bbox 785 899 862 938; x_wconf 90' lang='lat' dir='ltr'><strong>pro</strong></span> <span class='ocrx_word' id='word_1_78' title='bbox 891 883 1050 924; x_wconf 83' lang='lat' dir='ltr'><strong>ratione</strong></span> <span class='ocrx_word' id='word_1_79' title='bbox 1079 883 1317 932; x_wconf 83' lang='lat' dir='ltr'><strong>velocitatis,</strong></span> <span class='ocrx_word' id='word_1_80' title='bbox 1354 892 1396 925; x_wconf 90' lang='lat' dir='ltr'><strong>et</strong></span> <span class='ocrx_word' id='word_1_81' title='bbox 1427 884 1668 938; x_wconf 89' lang='lat' dir='ltr'><strong>corporibus</strong></span> <span class='ocrx_word' id='word_1_82' title='bbox 1697 883 1932 925; x_wconf 83' lang='lat' dir='ltr'><strong>acceleratis</strong></span> 
     </span>
     <span class='ocr_line' id='line_1_11' title="bbox 221 953 1930 1011; baseline 0 -16"><span class='ocrx_word' id='word_1_83' title='bbox 221 953 348 1008; x_wconf 77' lang='lat' dir='ltr'><strong>paulo</strong></span> <span class='ocrx_word' id='word_1_84' title='bbox 368 955 498 1011; x_wconf 88' lang='lat' dir='ltr'><strong>magis</strong></span> <span class='ocrx_word' id='word_1_85' title='bbox 520 953 645 1010; x_wconf 72' lang='lat' dir='ltr'><strong>quam</strong></span> <span class='ocrx_word' id='word_1_86' title='bbox 664 955 712 996; x_wconf 92' lang='lat' dir='ltr'><strong>iis</strong></span> <span class='ocrx_word' id='word_1_87' title='bbox 734 970 827 1011; x_wconf 88' lang='lat' dir='ltr'><strong>quae</strong></span> <span class='ocrx_word' id='word_1_88' title='bbox 847 954 1105 999; x_wconf 86' lang='lat' dir='ltr'><strong>uniformiter</strong></span> <span class='ocrx_word' id='word_1_89' title='bbox 1115 954 1462 1011; x_wconf 87' lang='lat' dir='ltr'><strong>progrediuntur:</strong></span> <span class='ocrx_word' id='word_1_90' title='bbox 1484 954 1608 1010; x_wconf 92' lang='lat' dir='ltr'><strong>idque</strong></span> <span class='ocrx_word' id='word_1_91' title='bbox 1625 955 1721 1010; x_wconf 89' lang='lat' dir='ltr'><strong>quia</strong></span> <span class='ocrx_word' id='word_1_92' title='bbox 1732 955 1930 1004; x_wconf 89' lang='lat' dir='ltr'><strong>medium,</strong></span> 
     </span>
     <span class='ocr_line' id='line_1_12' title="bbox 221 1024 1933 1082; baseline 0.001 -16"><span class='ocrx_word' id='word_1_93' title='bbox 221 1040 272 1066; x_wconf 88' lang='lat' dir='ltr'><strong>eo</strong></span> <span class='ocrx_word' id='word_1_94' title='bbox 293 1039 416 1080; x_wconf 90' lang='lat' dir='ltr'><strong>quem</strong></span> <span class='ocrx_word' id='word_1_95' title='bbox 437 1041 461 1066; x_wconf 87' lang='lat' dir='ltr'><strong>a</strong></span> <span class='ocrx_word' id='word_1_96' title='bbox 481 1025 723 1080; x_wconf 90' lang='lat' dir='ltr'><strong>corporibus</strong></span> <span class='ocrx_word' id='word_1_97' title='bbox 743 1025 901 1080; x_wconf 88' lang='lat' dir='ltr'><strong>accepit</strong></span> <span class='ocrx_word' id='word_1_98' title='bbox 912 1033 1039 1075; x_wconf 88' lang='lat' dir='ltr'><strong>motu,</strong></span> <span class='ocrx_word' id='word_1_99' title='bbox 1063 1025 1106 1064; x_wconf 91' lang='lat' dir='ltr'><strong>in</strong></span> <span class='ocrx_word' id='word_1_100' title='bbox 1121 1024 1294 1066; x_wconf 89' lang='lat' dir='ltr'><strong>eandem</strong></span> <span class='ocrx_word' id='word_1_101' title='bbox 1307 1025 1473 1081; x_wconf 84' lang='lat' dir='ltr'><strong>plagam</strong></span> <span class='ocrx_word' id='word_1_102' title='bbox 1487 1024 1713 1082; x_wconf 87' lang='lat' dir='ltr'><strong>pergendo,</strong></span> <span class='ocrx_word' id='word_1_103' title='bbox 1735 1025 1779 1065; x_wconf 89' lang='lat' dir='ltr'><strong>in</strong></span> <span class='ocrx_word' id='word_1_104' title='bbox 1793 1025 1933 1079; x_wconf 85' lang='lat' dir='ltr'><strong>priore</strong></span> 
     </span>
     <span class='ocr_line' id='line_1_13' title="bbox 221 1096 1932 1155; baseline 0.001 -17"><span class='ocrx_word' id='word_1_105' title='bbox 221 1111 320 1138; x_wconf 87' lang='lat' dir='ltr'><strong>casu</strong></span> <span class='ocrx_word' id='word_1_106' title='bbox 335 1098 466 1154; x_wconf 89' lang='lat' dir='ltr'><strong>magis</strong></span> <span class='ocrx_word' id='word_1_107' title='bbox 482 1098 672 1154; x_wconf 84' lang='lat' dir='ltr'><strong>agitatur,</strong></span> <span class='ocrx_word' id='word_1_108' title='bbox 694 1097 738 1137; x_wconf 92' lang='lat' dir='ltr'><strong>in</strong></span> <span class='ocrx_word' id='word_1_109' title='bbox 750 1098 978 1151; x_wconf 87' lang='lat' dir='ltr'><strong>posteriore</strong></span> <span class='ocrx_word' id='word_1_110' title='bbox 998 1097 1157 1147; x_wconf 82' lang='lat' dir='ltr'><strong>minus3</strong></span> <span class='ocrx_word' id='word_1_111' title='bbox 1188 1113 1235 1138; x_wconf 89' lang='lat' dir='ltr'><strong>ac</strong></span> <span class='ocrx_word' id='word_1_112' title='bbox 1254 1096 1430 1152; x_wconf 86' lang='lat' dir='ltr'><strong>proinde</strong></span> <span class='ocrx_word' id='word_1_113' title='bbox 1450 1099 1580 1155; x_wconf 88' lang='lat' dir='ltr'><strong>magis</strong></span> <span class='ocrx_word' id='word_1_114' title='bbox 1601 1098 1665 1139; x_wconf 92' lang='lat' dir='ltr'><strong>vel</strong></span> <span class='ocrx_word' id='word_1_115' title='bbox 1680 1098 1816 1139; x_wconf 90' lang='lat' dir='ltr'><strong>minus</strong></span> <span class='ocrx_word' id='word_1_116' title='bbox 1837 1112 1932 1140; x_wconf 92' lang='lat' dir='ltr'><strong>cum</strong></span> 
     </span>
     <span class='ocr_line' id='line_1_14' title="bbox 222 1166 1930 1224; baseline 0.001 -17"><span class='ocrx_word' id='word_1_117' title='bbox 222 1167 465 1221; x_wconf 87' lang='lat' dir='ltr'><strong>corporibus</strong></span> <span class='ocrx_word' id='word_1_118' title='bbox 485 1166 608 1207; x_wconf 88' lang='lat' dir='ltr'><strong>motis</strong></span> <span class='ocrx_word' id='word_1_119' title='bbox 629 1166 849 1220; x_wconf 92' lang='lat' dir='ltr'><strong>conspirat.</strong></span> <span class='ocrx_word' id='word_1_120' title='bbox 914 1166 1112 1208; x_wconf 91' lang='lat' dir='ltr'><strong>Pendulis</strong></span> <span class='ocrx_word' id='word_1_121' title='bbox 1145 1166 1271 1223; x_wconf 87' lang='lat' dir='ltr'><strong>igitur</strong></span> <span class='ocrx_word' id='word_1_122' title='bbox 1299 1167 1343 1207; x_wconf 92' lang='lat' dir='ltr'><strong>in</strong></span> <span class='ocrx_word' id='word_1_123' title='bbox 1374 1167 1574 1209; x_wconf 88' lang='lat' dir='ltr'><strong>descensu</strong></span> <span class='ocrx_word' id='word_1_124' title='bbox 1603 1168 1735 1224; x_wconf 83' lang='lat' dir='ltr'><strong>magis</strong></span> <span class='ocrx_word' id='word_1_125' title='bbox 1764 1168 1930 1218; x_wconf 85' lang='lat' dir='ltr'><strong>resistit,</strong></span> 
     </span>
     <span class='ocr_line' id='line_1_15' title="bbox 220 1235 1931 1294; baseline 0.001 -17"><span class='ocrx_word' id='word_1_126' title='bbox 220 1237 264 1277; x_wconf 93' lang='lat' dir='ltr'><strong>in</strong></span> <span class='ocrx_word' id='word_1_127' title='bbox 285 1252 457 1279; x_wconf 85' lang='lat' dir='ltr'><strong>ascensu</strong></span> <span class='ocrx_word' id='word_1_128' title='bbox 476 1238 614 1279; x_wconf 90' lang='lat' dir='ltr'><strong>minus</strong></span> <span class='ocrx_word' id='word_1_129' title='bbox 635 1235 760 1293; x_wconf 64' lang='lat' dir='ltr'><strong>quiam</strong></span> <span class='ocrx_word' id='word_1_130' title='bbox 778 1251 857 1292; x_wconf 94' lang='lat' dir='ltr'><strong>pro</strong></span> <span class='ocrx_word' id='word_1_131' title='bbox 877 1238 1036 1279; x_wconf 92' lang='lat' dir='ltr'><strong>ratione</strong></span> <span class='ocrx_word' id='word_1_132' title='bbox 1056 1237 1294 1288; x_wconf 84' lang='lat' dir='ltr'><strong>velocitatis,</strong></span> <span class='ocrx_word' id='word_1_133' title='bbox 1317 1245 1359 1279; x_wconf 93' lang='lat' dir='ltr'><strong>et</strong></span> <span class='ocrx_word' id='word_1_134' title='bbox 1374 1252 1427 1279; x_wconf 86' lang='lat' dir='ltr'><strong>ex</strong></span> <span class='ocrx_word' id='word_1_135' title='bbox 1446 1237 1619 1294; x_wconf 66' lang='lat' dir='ltr'><strong>utraque</strong></span> <span class='ocrx_word' id='word_1_136' title='bbox 1636 1237 1759 1280; x_wconf 67' lang='lat' dir='ltr'><strong>causa</strong></span> <span class='ocrx_word' id='word_1_137' title='bbox 1771 1245 1931 1294; x_wconf 88' lang='lat' dir='ltr'><strong>tempus</strong></span> 
     </span>
     <span class='ocr_line' id='line_1_16' title="bbox 220 1307 481 1363; baseline -0.004 -14"><span class='ocrx_word' id='word_1_138' title='bbox 220 1307 481 1363; x_wconf 86' lang='lat' dir='ltr'><strong>producitur.</strong></span> 
     </span>
    </p>
   </div>
   <div class='ocr_carea' id='block_1_4' title="bbox 445 1475 1710 1518">
    <p class='ocr_par' dir='ltr' id='par_1_4' title="bbox 445 1475 1710 1518">
     <span class='ocr_line' id='line_1_17' title="bbox 445 1475 1710 1518; baseline 0.002 -2"><span class='ocrx_word' id='word_1_139' title='bbox 445 1475 821 1518; x_wconf 90' lang='lat' dir='ltr'><strong>PROPOSITIO</strong></span> <span class='ocrx_word' id='word_1_140' title='bbox 852 1475 1075 1518; x_wconf 91' lang='lat' dir='ltr'><strong>XXVIII.</strong></span> <span class='ocrx_word' id='word_1_141' title='bbox 1136 1476 1498 1518; x_wconf 90' lang='lat' dir='ltr'><strong>THEOREMA</strong></span> <span class='ocrx_word' id='word_1_142' title='bbox 1529 1477 1710 1518; x_wconf 89' lang='lat' dir='ltr'><strong>XXIII.</strong></span> 
     </span>
    </p>
   </div>
   <div class='ocr_carea' id='block_1_5' title="bbox 220 1591 1932 1860">
    <p class='ocr_par' dir='ltr' id='par_1_5' title="bbox 220 1591 1932 1860">
     <span class='ocr_line' id='line_1_18' title="bbox 220 1591 1930 1646; baseline 0.001 -14"><span class='ocrx_word' id='word_1_143' title='bbox 220 1593 267 1633; x_wconf 84' lang='lat' dir='ltr'><strong>Si</strong></span> <span class='ocrx_word' id='word_1_144' title='bbox 286 1591 729 1646; x_wconf 66' lang='lat' dir='ltr'><strong>corporifunependulo</strong></span> <span class='ocrx_word' id='word_1_145' title='bbox 749 1593 793 1632; x_wconf 89' lang='lat' dir='ltr'><strong>in</strong></span> <span class='ocrx_word' id='word_1_146' title='bbox 812 1592 983 1646; x_wconf 62' lang='lat' dir='ltr'><strong>cycloide</strong></span> <span class='ocrx_word' id='word_1_147' title='bbox 1004 1592 1205 1632; x_wconf 84' lang='lat' dir='ltr'><strong>oscillanti</strong></span> <span class='ocrx_word' id='word_1_148' title='bbox 1231 1592 1432 1632; x_wconf 81' lang='lat' dir='ltr'><strong>resistitur</strong></span> <span class='ocrx_word' id='word_1_149' title='bbox 1461 1593 1505 1632; x_wconf 88' lang='lat' dir='ltr'><strong>in</strong></span> <span class='ocrx_word' id='word_1_150' title='bbox 1532 1593 1691 1633; x_wconf 85' lang='lat' dir='ltr'><strong>ratione</strong></span> <span class='ocrx_word' id='word_1_151' title='bbox 1723 1598 1930 1633; x_wconf 88' lang='lat' dir='ltr'><strong>momento-</strong></span> 
     </span>
     <span class='ocr_line' id='line_1_19' title="bbox 276 1663 1931 1720; baseline 0.001 -16"><span class='ocrx_word' id='word_1_152' title='bbox 276 1678 363 1704; x_wconf 86' lang='lat' dir='ltr'><strong>rum</strong></span> <span class='ocrx_word' id='word_1_153' title='bbox 396 1666 596 1720; x_wconf 77' lang='lat' dir='ltr'><strong>temporis,</strong></span> <span class='ocrx_word' id='word_1_154' title='bbox 632 1665 710 1705; x_wconf 88' lang='lat' dir='ltr'><strong>erit</strong></span> <span class='ocrx_word' id='word_1_155' title='bbox 738 1663 819 1718; x_wconf 73' lang='lat' dir='ltr'><strong>ejus</strong></span> <span class='ocrx_word' id='word_1_156' title='bbox 846 1665 1073 1705; x_wconf 84' lang='lat' dir='ltr'><strong>resistentia</strong></span> <span class='ocrx_word' id='word_1_157' title='bbox 1101 1666 1158 1704; x_wconf 87' lang='lat' dir='ltr'><strong>ad</strong></span> <span class='ocrx_word' id='word_1_158' title='bbox 1184 1665 1261 1704; x_wconf 85' lang='lat' dir='ltr'><strong>vim</strong></span> <span class='ocrx_word' id='word_1_159' title='bbox 1291 1665 1511 1718; x_wconf 84' lang='lat' dir='ltr'><strong>gravitatis</strong></span> <span class='ocrx_word' id='word_1_160' title='bbox 1543 1671 1588 1705; x_wconf 91' lang='lat' dir='ltr'><strong>ut</strong></span> <span class='ocrx_word' id='word_1_161' title='bbox 1616 1674 1787 1705; x_wconf 70' lang='lat' dir='ltr'><strong>eoecessus</strong></span> <span class='ocrx_word' id='word_1_162' title='bbox 1815 1664 1931 1706; x_wconf 69' lang='lat' dir='ltr'><strong>arctis</strong></span> 
     </span>
     <span class='ocr_line' id='line_1_20' title="bbox 279 1735 1932 1789; baseline 0.001 -13"><span class='ocrx_word' id='word_1_163' title='bbox 279 1737 461 1776; x_wconf 84' lang='lat' dir='ltr'><strong>descensu</strong></span> <span class='ocrx_word' id='word_1_164' title='bbox 487 1742 569 1776; x_wconf 80' lang='lat' dir='ltr'><strong>toto</strong></span> <span class='ocrx_word' id='word_1_165' title='bbox 602 1736 791 1789; x_wconf 67' lang='lat' dir='ltr'><strong>descripti</strong></span> <span class='ocrx_word' id='word_1_166' title='bbox 822 1749 945 1788; x_wconf 79' lang='lat' dir='ltr'><strong>supra</strong></span> <span class='ocrx_word' id='word_1_167' title='bbox 973 1749 1107 1776; x_wconf 87' lang='lat' dir='ltr'><strong>arcum</strong></span> <span class='ocrx_word' id='word_1_168' title='bbox 1127 1749 1288 1776; x_wconf 84' lang='lat' dir='ltr'><strong>ascensu</strong></span> <span class='ocrx_word' id='word_1_169' title='bbox 1316 1735 1565 1789; x_wconf 79' lang='lat' dir='ltr'><strong>subsequente</strong></span> <span class='ocrx_word' id='word_1_170' title='bbox 1593 1736 1843 1789; x_wconf 75' lang='lat' dir='ltr'><strong>descriptum,</strong></span> <span class='ocrx_word' id='word_1_171' title='bbox 1874 1737 1932 1777; x_wconf 84' lang='lat' dir='ltr'><strong>ad</strong></span> 
     </span>
     <span class='ocr_line' id='line_1_21' title="bbox 267 1806 1015 1860; baseline -0.001 -13"><span class='ocrx_word' id='word_1_172' title='bbox 267 1807 440 1859; x_wconf 76' lang='lat' dir='ltr'><strong>penduli</strong></span> <span class='ocrx_word' id='word_1_173' title='bbox 459 1807 745 1860; x_wconf 85' lang='lat' dir='ltr'><strong>longitudinem</strong></span> <span class='ocrx_word' id='word_1_174' title='bbox 761 1806 1015 1859; x_wconf 80' lang='lat' dir='ltr'><strong>duplicatam.</strong></span> 
     </span>
    </p>
   </div>
   <div class='ocr_carea' id='block_1_6' title="bbox 215 1917 1930 2044">
    <p class='ocr_par' dir='ltr' id='par_1_6' title="bbox 215 1917 1930 2044">
     <span class='ocr_line' id='line_1_22' title="bbox 276 1917 1930 1974; baseline 0 -14"><span class='ocrx_word' id='word_1_175' title='bbox 276 1919 481 1974; x_wconf 85' lang='lat' dir='ltr'><strong>Designet</strong></span> <span class='ocrx_word' id='word_1_176' title='bbox 502 1918 539 1960; x_wconf 90' lang='lat' dir='ltr'><strong>B</strong></span> <span class='ocrx_word' id='word_1_177' title='bbox 563 1919 599 1961; x_wconf 92' lang='lat' dir='ltr'>C</span> <span class='ocrx_word' id='word_1_178' title='bbox 620 1933 762 1959; x_wconf 86' lang='lat' dir='ltr'><strong>arcum</strong></span> <span class='ocrx_word' id='word_1_179' title='bbox 782 1918 981 1960; x_wconf 88' lang='lat' dir='ltr'><strong>descensu</strong></span> <span class='ocrx_word' id='word_1_180' title='bbox 1000 1917 1264 1973; x_wconf 88' lang='lat' dir='ltr'><strong>descriptum,</strong></span> <span class='ocrx_word' id='word_1_181' title='bbox 1290 1917 1326 1958; x_wconf 87' lang='lat' dir='ltr'>C</span> <span class='ocrx_word' id='word_1_182' title='bbox 1347 1933 1371 1958; x_wconf 93' lang='lat' dir='ltr'><strong>a</strong></span> <span class='ocrx_word' id='word_1_183' title='bbox 1391 1932 1532 1958; x_wconf 87' lang='lat' dir='ltr'><strong>arcum</strong></span> <span class='ocrx_word' id='word_1_184' title='bbox 1552 1932 1724 1959; x_wconf 89' lang='lat' dir='ltr'><strong>ascensu</strong></span> <span class='ocrx_word' id='word_1_185' title='bbox 1745 1918 1930 1974; x_wconf 87' lang='lat' dir='ltr'><strong>descrip-</strong></span> 
     </span>
     <span class='ocr_line' id='line_1_23' title="bbox 215 1988 1927 2044; baseline 0 -13"><span class='ocrx_word' id='word_1_186' title='bbox 215 2000 307 2032; x_wconf 91' lang='lat' dir='ltr'><strong>tum</strong></span> <span class='ocrx_word' id='word_1_187' title='bbox 319 2006 330 2040; x_wconf 85' lang='lat'><em>3</em></span> <span class='ocrx_word' id='word_1_188' title='bbox 353 1999 394 2031; x_wconf 92' lang='lat' dir='ltr'><strong>et</strong></span> <span class='ocrx_word' id='word_1_189' title='bbox 416 1992 455 2031; x_wconf 97' lang='lat' dir='ltr'><strong>A</strong></span> <span class='ocrx_word' id='word_1_190' title='bbox 477 2006 501 2031; x_wconf 89' lang='lat' dir='ltr'><strong>a</strong></span> <span class='ocrx_word' id='word_1_191' title='bbox 522 1990 794 2031; x_wconf 85' lang='lat' dir='ltr'><strong>differentiam</strong></span> <span class='ocrx_word' id='word_1_192' title='bbox 814 2004 1008 2030; x_wconf 90' lang='lat' dir='ltr'><strong>arcuum:</strong></span> <span class='ocrx_word' id='word_1_193' title='bbox 1032 1997 1074 2030; x_wconf 93' lang='lat' dir='ltr'><strong>et</strong></span> <span class='ocrx_word' id='word_1_194' title='bbox 1087 1988 1287 2030; x_wconf 90' lang='lat' dir='ltr'><strong>stantibus</strong></span> <span class='ocrx_word' id='word_1_195' title='bbox 1304 2003 1397 2044; x_wconf 86' lang='lat' dir='ltr'><strong>quae</strong></span> <span class='ocrx_word' id='word_1_196' title='bbox 1417 1989 1460 2029; x_wconf 92' lang='lat' dir='ltr'><strong>in</strong></span> <span class='ocrx_word' id='word_1_197' title='bbox 1475 1988 1763 2043; x_wconf 88' lang='lat' dir='ltr'><strong>Propositione</strong></span> <span class='ocrx_word' id='word_1_198' title='bbox 1777 1989 1927 2031; x_wconf 91' lang='lat' dir='ltr'><strong>XXV.</strong></span> 
     </span>
    </p>
   </div>
   <div class='ocr_carea' id='block_1_7' title="bbox 219 2102 1055 2177">
    <p class='ocr_par' dir='ltr' id='par_1_7' title="bbox 219 2102 1055 2177">
     <span class='ocr_line' id='line_1_24' title="bbox 220 2102 1055 2147; baseline -0.004 -12"><span class='ocrx_word' id='word_1_199' title='bbox 220 2102 268 2134; x_wconf 58' lang='grc' dir='ltr'>ξ</span> <span class='ocrx_word' id='word_1_200' title='bbox 285 2105 315 2135; x_wconf 91' lang='grc' dir='ltr'>Τ</span> <span class='ocrx_word' id='word_1_201' title='bbox 330 2105 373 2147; x_wconf 76' lang='lat'><strong>-}-</strong></span> <span class='ocrx_word' id='word_1_202' title='bbox 387 2114 407 2134; x_wconf 88' lang='lat' dir='ltr'>x</span> <span class='ocrx_word' id='word_1_203' title='bbox 423 2117 431 2135; x_wconf 73' lang='grc' dir='ltr'><strong>ε</strong></span> <span class='ocrx_word' id='word_1_204' title='bbox 453 2105 482 2135; x_wconf 89' lang='grc' dir='ltr'>Τ</span> <span class='ocrx_word' id='word_1_205' title='bbox 498 2105 540 2146; x_wconf 67' lang='lat'><em>4</em></span> <span class='ocrx_word' id='word_1_206' title='bbox 557 2114 585 2144; x_wconf 80' lang='lat' dir='ltr'><strong>y,</strong></span> <span class='ocrx_word' id='word_1_207' title='bbox 614 2104 697 2134; x_wconf 85' lang='lat' dir='ltr'><strong>unde</strong></span> <span class='ocrx_word' id='word_1_208' title='bbox 722 2114 776 2143; x_wconf 88' lang='lat' dir='ltr'><strong>per</strong></span> <span class='ocrx_word' id='word_1_209' title='bbox 801 2102 1055 2142; x_wconf 81' lang='lat' dir='ltr'><strong>compositionem</strong></span> 
     </span>
     <span class='ocr_line' id='line_1_25' title="bbox 219 2146 1055 2177; baseline -0.002 0"><span class='ocrx_word' id='word_1_210' title='bbox 219 2147 374 2177; x_wconf 87' lang='lat' dir='ltr'><strong>rationum</strong></span> <span class='ocrx_word' id='word_1_211' title='bbox 397 2147 553 2177; x_wconf 86' lang='lat' dir='ltr'><strong>invenitur</strong></span> <span class='ocrx_word' id='word_1_212' title='bbox 575 2149 619 2176; x_wconf 79' lang='lat' dir='ltr'><strong>v2</strong></span> <span class='ocrx_word' id='word_1_213' title='bbox 638 2147 667 2177; x_wconf 83' lang='lat' dir='ltr'><strong>A</strong></span> <span class='ocrx_word' id='word_1_214' title='bbox 686 2147 714 2177; x_wconf 94' lang='grc' dir='ltr'>Β</span> <span class='ocrx_word' id='word_1_215' title='bbox 729 2164 773 2171; x_wconf 94' lang='grc'>-</span> <span class='ocrx_word' id='word_1_216' title='bbox 786 2157 818 2176; x_wconf 93' lang='lat' dir='ltr'><strong>m</strong></span> <span class='ocrx_word' id='word_1_217' title='bbox 833 2156 852 2175; x_wconf 92' lang='lat' dir='ltr'>v</span> <span class='ocrx_word' id='word_1_218' title='bbox 870 2147 900 2175; x_wconf 92' lang='lat' dir='ltr'>A</span> <span class='ocrx_word' id='word_1_219' title='bbox 919 2146 949 2175; x_wconf 94' lang='lat' dir='ltr'>A</span> <span class='ocrx_word' id='word_1_220' title='bbox 968 2146 997 2175; x_wconf 91' lang='lat' dir='ltr'>B</span> <span class='ocrx_word' id='word_1_221' title='bbox 1012 2163 1055 2168; x_wconf 97' lang='lat'><strong>—</strong></span> 
     </span>
    </p>
   </div>
   <div class='ocr_carea' id='block_1_8' title="bbox 220 2187 1053 2331">
    <p class='ocr_par' dir='ltr' id='par_1_8' title="bbox 220 2187 1053 2331">
     <span class='ocr_line' id='line_1_26' title="bbox 220 2187 1053 2239; baseline -0.001 -11"><span class='ocrx_word' id='word_1_222' title='bbox 220 2197 650 2239; x_wconf 78' lang='lat' dir='ltr'><strong>vaBB÷m2AABB</strong></span> <span class='ocrx_word' id='word_1_223' title='bbox 668 2187 1053 2239; x_wconf 60' lang='grc' dir='ltr'><strong>(εῑνενΤΑῑ-ῒιῖῆῖῆῑ</strong></span> 
     </span>
     <span class='ocr_line' id='line_1_27' title="bbox 223 2250 1049 2331; baseline -0.002 -25"><span class='ocrx_word' id='word_1_224' title='bbox 223 2279 257 2313; x_wconf 86' lang='grc' dir='ltr'>χ</span> <span class='ocrx_word' id='word_1_225' title='bbox 279 2279 291 2306; x_wconf 88' lang='lat'><strong>1</strong></span> <span class='ocrx_word' id='word_1_226' title='bbox 311 2250 579 2331; x_wconf 63' lang='lat' dir='ltr'><strong>-¹1¹v-B-)adv2</strong></span> <span class='ocrx_word' id='word_1_227' title='bbox 599 2274 1049 2307; x_wconf 74' lang='lat' dir='ltr'>AB-va2B=T:</span> 
     </span>
    </p>
   </div>
   <div class='ocr_carea' id='block_1_9' title="bbox 225 2343 1055 2426">
    <p class='ocr_par' dir='ltr' id='par_1_9' title="bbox 225 2343 1055 2426">
     <span class='ocr_line' id='line_1_28' title="bbox 225 2343 1055 2426; baseline 0 -25"><span class='ocrx_word' id='word_1_228' title='bbox 225 2370 254 2401; x_wconf 92' lang='lat' dir='ltr'>T</span> <span class='ocrx_word' id='word_1_229' title='bbox 266 2370 308 2412; x_wconf 73' lang='lat'><em>4</em></span> <span class='ocrx_word' id='word_1_230' title='bbox 318 2381 350 2410; x_wconf 84' lang='lat' dir='ltr'><strong>y,</strong></span> <span class='ocrx_word' id='word_1_231' title='bbox 366 2368 470 2410; x_wconf 89' lang='lat' dir='ltr'><strong>itaque</strong></span> <span class='ocrx_word' id='word_1_232' title='bbox 478 2369 511 2399; x_wconf 88' lang='lat' dir='ltr'><strong>in</strong></span> <span class='ocrx_word' id='word_1_233' title='bbox 522 2367 622 2408; x_wconf 88' lang='lat' dir='ltr'><strong>primo</strong></span> <span class='ocrx_word' id='word_1_234' title='bbox 634 2368 765 2399; x_wconf 87' lang='lat' dir='ltr'><strong>termino</strong></span> <span class='ocrx_word' id='word_1_235' title='bbox 776 2368 917 2409; x_wconf 87' lang='lat' dir='ltr'><strong>neglecto</strong></span> <span class='ocrx_word' id='word_1_236' title='bbox 927 2388 971 2396; x_wconf 94' lang='lat'><strong>—</strong></span> <span class='ocrx_word' id='word_1_237' title='bbox 981 2343 1055 2426; x_wconf 50' lang='lat'><strong>¹23}</strong></span> 
     </span>
    </p>
   </div>
   <div class='ocr_carea' id='block_1_10' title="bbox 218 2436 1054 3156">
    <p class='ocr_par' dir='ltr' id='par_1_10' title="bbox 220 2436 1054 2682">
     <span class='ocr_line' id='line_1_29' title="bbox 223 2436 1053 2480; baseline -0.001 -11"><span class='ocrx_word' id='word_1_238' title='bbox 223 2438 322 2480; x_wconf 89' lang='lat' dir='ltr'><strong>(quod</strong></span> <span class='ocrx_word' id='word_1_239' title='bbox 336 2437 456 2470; x_wconf 76' lang='lat' dir='ltr'><strong>infinite</strong></span> <span class='ocrx_word' id='word_1_240' title='bbox 466 2447 595 2477; x_wconf 85' lang='lat' dir='ltr'><strong>parvum</strong></span> <span class='ocrx_word' id='word_1_241' title='bbox 607 2436 792 2477; x_wconf 83' lang='lat' dir='ltr'><strong>supponitur</strong></span> <span class='ocrx_word' id='word_1_242' title='bbox 802 2439 842 2468; x_wconf 93' lang='lat' dir='ltr'><strong>ob</strong></span> <span class='ocrx_word' id='word_1_243' title='bbox 853 2438 1053 2479; x_wconf 80' lang='lat' dir='ltr'><strong>exiguitatem</strong></span> 
     </span>
     <span class='ocr_line' id='line_1_30' title="bbox 221 2479 1054 2520; baseline -0.001 -8"><span class='ocrx_word' id='word_1_244' title='bbox 221 2491 311 2512; x_wconf 80' lang='lat' dir='ltr'><strong>arcus</strong></span> <span class='ocrx_word' id='word_1_245' title='bbox 342 2482 369 2512; x_wconf 94' lang='lat' dir='ltr'>B</span> <span class='ocrx_word' id='word_1_246' title='bbox 395 2486 431 2511; x_wconf 91' lang='lat' dir='ltr'><strong>ut</strong></span> <span class='ocrx_word' id='word_1_247' title='bbox 459 2486 490 2511; x_wconf 91' lang='lat' dir='ltr'><strong>et</strong></span> <span class='ocrx_word' id='word_1_248' title='bbox 518 2479 695 2520; x_wconf 80' lang='lat' dir='ltr'><strong>quantitatis</strong></span> <span class='ocrx_word' id='word_1_249' title='bbox 722 2490 755 2509; x_wconf 89' lang='lat' dir='ltr'><strong>m</strong></span> <span class='ocrx_word' id='word_1_250' title='bbox 779 2487 919 2518; x_wconf 86' lang='lat' dir='ltr'><strong>respectu</strong></span> <span class='ocrx_word' id='word_1_251' title='bbox 943 2480 977 2520; x_wconf 86' lang='lat' dir='ltr'><strong>v)</strong></span> <span class='ocrx_word' id='word_1_252' title='bbox 1001 2480 1054 2511; x_wconf 82' lang='lat' dir='ltr'><strong>fiet</strong></span> 
     </span>
     <span class='ocr_line' id='line_1_31' title="bbox 221 2522 1050 2565; baseline 0 -11"><span class='ocrx_word' id='word_1_253' title='bbox 221 2522 1050 2565; x_wconf 68' lang='lat' dir='ltr'><strong>v²AB-vaAB2v2AB-vaAB=T:T-}=y;</strong></span> 
     </span>
     <span class='ocr_line' id='line_1_32' title="bbox 222 2565 1052 2614; baseline -0.001 -18"><span class='ocrx_word' id='word_1_254' title='bbox 222 2573 270 2597; x_wconf 89' lang='lat' dir='ltr'><strong>est</strong></span> <span class='ocrx_word' id='word_1_255' title='bbox 283 2576 358 2607; x_wconf 84' lang='lat' dir='ltr'><strong>ergo</strong></span> <span class='ocrx_word' id='word_1_256' title='bbox 374 2567 403 2597; x_wconf 91' lang='lat' dir='ltr'>T</span> <span class='ocrx_word' id='word_1_257' title='bbox 417 2579 463 2595; x_wconf 95' lang='lat'><strong><em>=</em></strong></span> <span class='ocrx_word' id='word_1_258' title='bbox 480 2565 510 2596; x_wconf 94' lang='lat' dir='ltr'>T</span> <span class='ocrx_word' id='word_1_259' title='bbox 524 2566 567 2614; x_wconf 54' lang='grc' dir='ltr'><strong>-ᾗ-</strong></span> <span class='ocrx_word' id='word_1_260' title='bbox 581 2575 611 2604; x_wconf 90' lang='lat' dir='ltr'><strong>y,</strong></span> <span class='ocrx_word' id='word_1_261' title='bbox 626 2565 689 2596; x_wconf 87' lang='lat' dir='ltr'><strong>sive</strong></span> <span class='ocrx_word' id='word_1_262' title='bbox 699 2570 822 2604; x_wconf 82' lang='lat' dir='ltr'><strong>tempus</strong></span> <span class='ocrx_word' id='word_1_263' title='bbox 829 2565 863 2595; x_wconf 91' lang='lat' dir='ltr'><strong>in</strong></span> <span class='ocrx_word' id='word_1_264' title='bbox 874 2565 978 2596; x_wconf 86' lang='lat' dir='ltr'><strong>medio</strong></span> <span class='ocrx_word' id='word_1_265' title='bbox 989 2575 1052 2595; x_wconf 90' lang='lat' dir='ltr'><strong>non</strong></span> 
     </span>
     <span class='ocr_line' id='line_1_33' title="bbox 220 2607 1052 2649; baseline 0 -11"><span class='ocrx_word' id='word_1_266' title='bbox 220 2609 378 2640; x_wconf 74' lang='lat' dir='ltr'><strong>resistente</strong></span> <span class='ocrx_word' id='word_1_267' title='bbox 392 2608 475 2639; x_wconf 87' lang='lat' dir='ltr'><strong>idem</strong></span> <span class='ocrx_word' id='word_1_268' title='bbox 489 2617 526 2639; x_wconf 85' lang='lat' dir='ltr'><strong>ac</strong></span> <span class='ocrx_word' id='word_1_269' title='bbox 538 2617 572 2637; x_wconf 89' lang='lat' dir='ltr'><strong>m</strong></span> <span class='ocrx_word' id='word_1_270' title='bbox 586 2607 690 2638; x_wconf 90' lang='lat' dir='ltr'><strong>medio</strong></span> <span class='ocrx_word' id='word_1_271' title='bbox 703 2607 860 2638; x_wconf 73' lang='lat' dir='ltr'><strong>resistente</strong></span> <span class='ocrx_word' id='word_1_272' title='bbox 873 2607 967 2649; x_wconf 62' lang='lat' dir='ltr'><strong>quam</strong></span> <span class='ocrx_word' id='word_1_273' title='bbox 982 2617 1052 2647; x_wconf 86' lang='lat' dir='ltr'><strong>pro-</strong></span> 
     </span>
     <span class='ocr_line' id='line_1_34' title="bbox 220 2649 314 2682; baseline 0 -1"><span class='ocrx_word' id='word_1_274' title='bbox 220 2649 314 2682; x_wconf 77' lang='lat' dir='ltr'><strong>xime.</strong></span> 
     </span>
    </p>

    <p class='ocr_par' dir='ltr' id='par_1_11' title="bbox 221 2691 1053 2861">
     <span class='ocr_line' id='line_1_35' title="bbox 267 2691 1053 2725; baseline -0.001 0"><span class='ocrx_word' id='word_1_275' title='bbox 267 2694 328 2724; x_wconf 87' lang='lat' dir='ltr'><strong>Sed</strong></span> <span class='ocrx_word' id='word_1_276' title='bbox 344 2693 546 2725; x_wconf 84' lang='lat' dir='ltr'><strong>oscillationes</strong></span> <span class='ocrx_word' id='word_1_277' title='bbox 556 2693 590 2723; x_wconf 88' lang='lat' dir='ltr'><strong>in</strong></span> <span class='ocrx_word' id='word_1_278' title='bbox 604 2691 707 2723; x_wconf 85' lang='lat' dir='ltr'><strong>medio</strong></span> <span class='ocrx_word' id='word_1_279' title='bbox 721 2701 785 2722; x_wconf 88' lang='lat' dir='ltr'><strong>non</strong></span> <span class='ocrx_word' id='word_1_280' title='bbox 801 2692 958 2723; x_wconf 76' lang='lat' dir='ltr'><strong>resistente</strong></span> <span class='ocrx_word' id='word_1_281' title='bbox 979 2699 1053 2724; x_wconf 90' lang='lat' dir='ltr'><strong>sunt</strong></span> 
     </span>
     <span class='ocr_line' id='line_1_36' title="bbox 221 2734 1052 2776; baseline 0 -11"><span class='ocrx_word' id='word_1_282' title='bbox 221 2735 400 2772; x_wconf 82' lang='lat' dir='ltr'><strong>isochronae,</strong></span> <span class='ocrx_word' id='word_1_283' title='bbox 426 2736 499 2766; x_wconf 90' lang='lat' dir='ltr'><strong>hinc</strong></span> <span class='ocrx_word' id='word_1_284' title='bbox 524 2745 598 2776; x_wconf 86' lang='lat' dir='ltr'><strong>ergo</strong></span> <span class='ocrx_word' id='word_1_285' title='bbox 622 2734 824 2765; x_wconf 85' lang='lat' dir='ltr'><strong>oscillationes</strong></span> <span class='ocrx_word' id='word_1_286' title='bbox 846 2736 997 2766; x_wconf 83' lang='lat' dir='ltr'><strong>breviores</strong></span> <span class='ocrx_word' id='word_1_287' title='bbox 1018 2736 1052 2765; x_wconf 91' lang='lat' dir='ltr'><strong>in</strong></span> 
     </span>
     <span class='ocr_line' id='line_1_37' title="bbox 221 2776 1053 2818; baseline 0.002 -11"><span class='ocrx_word' id='word_1_288' title='bbox 221 2778 324 2809; x_wconf 86' lang='lat' dir='ltr'><strong>medio</strong></span> <span class='ocrx_word' id='word_1_289' title='bbox 334 2779 491 2810; x_wconf 84' lang='lat' dir='ltr'><strong>resistente</strong></span> <span class='ocrx_word' id='word_1_290' title='bbox 505 2778 545 2808; x_wconf 86' lang='lat' dir='ltr'><strong>ad</strong></span> <span class='ocrx_word' id='word_1_291' title='bbox 559 2779 614 2808; x_wconf 84' lang='lat' dir='ltr'><strong>has</strong></span> <span class='ocrx_word' id='word_1_292' title='bbox 623 2776 717 2818; x_wconf 69' lang='lat' dir='ltr'><strong>quam</strong></span> <span class='ocrx_word' id='word_1_293' title='bbox 728 2778 865 2816; x_wconf 84' lang='lat' dir='ltr'><strong>proxime</strong></span> <span class='ocrx_word' id='word_1_294' title='bbox 876 2778 1053 2809; x_wconf 79' lang='lat' dir='ltr'><strong>accedentes</strong></span> 
     </span>
     <span class='ocr_line' id='line_1_38' title="bbox 222 2820 914 2861; baseline 0.001 -11"><span class='ocrx_word' id='word_1_295' title='bbox 222 2821 338 2851; x_wconf 83' lang='lat' dir='ltr'><strong>caeteris</strong></span> <span class='ocrx_word' id='word_1_296' title='bbox 352 2827 425 2852; x_wconf 89' lang='lat' dir='ltr'><strong>sunt</strong></span> <span class='ocrx_word' id='word_1_297' title='bbox 438 2821 538 2861; x_wconf 82' lang='lat' dir='ltr'><strong>magis</strong></span> <span class='ocrx_word' id='word_1_298' title='bbox 551 2821 729 2851; x_wconf 83' lang='lat' dir='ltr'><strong>isoehronae.</strong></span> <span class='ocrx_word' id='word_1_299' title='bbox 779 2820 819 2856; x_wconf 81' lang='lat' dir='ltr'><strong>Q.</strong></span> <span class='ocrx_word' id='word_1_300' title='bbox 838 2830 864 2850; x_wconf 83' lang='lat' dir='ltr'><strong>e.</strong></span> <span class='ocrx_word' id='word_1_301' title='bbox 883 2820 914 2851; x_wconf 91' lang='lat' dir='ltr'><strong>d.</strong></span> 
     </span>
    </p>

    <p class='ocr_par' dir='ltr' id='par_1_12' title="bbox 218 2863 1053 3156">
     <span class='ocr_line' id='line_1_39' title="bbox 268 2863 1050 2904; baseline 0.001 -10"><span class='ocrx_word' id='word_1_302' title='bbox 268 2863 310 2904; x_wconf 70' lang='lat'><strong>(⁶)</strong></span> <span class='ocrx_word' id='word_1_303' title='bbox 331 2866 345 2883; x_wconf 68' lang='lat'><strong>⁸*</strong></span> <span class='ocrx_word' id='word_1_304' title='bbox 365 2866 526 2904; x_wconf 80' lang='lat' dir='ltr'><strong>Propterea</strong></span> <span class='ocrx_word' id='word_1_305' title='bbox 550 2865 630 2904; x_wconf 87' lang='lat' dir='ltr'><strong>quod</strong></span> <span class='ocrx_word' id='word_1_306' title='bbox 653 2864 820 2894; x_wconf 76' lang='lat' dir='ltr'><strong>resistentia</strong></span> <span class='ocrx_word' id='word_1_307' title='bbox 841 2864 876 2894; x_wconf 85' lang='lat' dir='ltr'><strong>in</strong></span> <span class='ocrx_word' id='word_1_308' title='bbox 897 2865 1050 2902; x_wconf 71' lang='lat' dir='ltr'><strong>descensu,</strong></span> 
     </span>
     <span class='ocr_line' id='line_1_40' title="bbox 222 2903 1050 2947; baseline 0.004 -13"><span class='ocrx_word' id='word_1_309' title='bbox 222 2905 278 2935; x_wconf 78' lang='grc' dir='ltr'><strong>διε.</strong></span> <span class='ocrx_word' id='word_1_310' title='bbox 326 2906 399 2942; x_wconf 78' lang='lat' dir='ltr'><strong>Quo</strong></span> <span class='ocrx_word' id='word_1_311' title='bbox 423 2907 521 2947; x_wconf 88' lang='lat' dir='ltr'><strong>major</strong></span> <span class='ocrx_word' id='word_1_312' title='bbox 545 2912 591 2936; x_wconf 85' lang='lat' dir='ltr'><strong>est</strong></span> <span class='ocrx_word' id='word_1_313' title='bbox 612 2905 791 2941; x_wconf 78' lang='lat' dir='ltr'><strong>resistentia,</strong></span> <span class='ocrx_word' id='word_1_314' title='bbox 821 2903 860 2936; x_wconf 78' lang='grc' dir='ltr'><strong><em>εό</em></strong></span> <span class='ocrx_word' id='word_1_315' title='bbox 885 2906 986 2936; x_wconf 88' lang='lat' dir='ltr'><strong>minor</strong></span> <span class='ocrx_word' id='word_1_316' title='bbox 1007 2906 1050 2942; x_wconf 83' lang='lat' dir='ltr'><strong>fit,</strong></span> 
     </span>
     <span class='ocr_line' id='line_1_41' title="bbox 225 2947 1051 2987; baseline 0.004 -11"><span class='ocrx_word' id='word_1_317' title='bbox 225 2948 340 2978; x_wconf 84' lang='lat' dir='ltr'><strong>caeteris</strong></span> <span class='ocrx_word' id='word_1_318' title='bbox 361 2948 494 2987; x_wconf 87' lang='lat' dir='ltr'><strong>paribus,</strong></span> <span class='ocrx_word' id='word_1_319' title='bbox 518 2949 652 2987; x_wconf 89' lang='lat' dir='ltr'><strong>corporis</strong></span> <span class='ocrx_word' id='word_1_320' title='bbox 674 2947 885 2978; x_wconf 81' lang='lat' dir='ltr'><strong>descendentis</strong></span> <span class='ocrx_word' id='word_1_321' title='bbox 899 2948 1051 2987; x_wconf 75' lang='lat' dir='ltr'><strong>velocitas,</strong></span> 
     </span>
     <span class='ocr_line' id='line_1_42' title="bbox 221 2989 1053 3032; baseline 0.005 -14"><span class='ocrx_word' id='word_1_322' title='bbox 221 2994 255 3019; x_wconf 86' lang='lat' dir='ltr'><strong>et</strong></span> <span class='ocrx_word' id='word_1_323' title='bbox 270 2989 348 3027; x_wconf 73' lang='lat' dir='ltr'><strong>ideo,</strong></span> <span class='ocrx_word' id='word_1_324' title='bbox 364 2997 507 3021; x_wconf 85' lang='lat' dir='ltr'><strong>manente</strong></span> <span class='ocrx_word' id='word_1_325' title='bbox 521 2990 684 3021; x_wconf 70' lang='lat' dir='ltr'><strong>descensus</strong></span> <span class='ocrx_word' id='word_1_326' title='bbox 705 2990 909 3032; x_wconf 80' lang='lat' dir='ltr'><strong>longitudine,</strong></span> <span class='ocrx_word' id='word_1_327' title='bbox 930 2997 1053 3030; x_wconf 87' lang='lat' dir='ltr'><strong>tempus</strong></span> 
     </span>
     <span class='ocr_line' id='line_1_43' title="bbox 222 3031 1050 3074; baseline 0.004 -13"><span class='ocrx_word' id='word_1_328' title='bbox 222 3040 279 3070; x_wconf 85' lang='lat' dir='ltr'><strong>per</strong></span> <span class='ocrx_word' id='word_1_329' title='bbox 293 3032 493 3062; x_wconf 80' lang='lat' dir='ltr'><strong>resistentiam</strong></span> <span class='ocrx_word' id='word_1_330' title='bbox 508 3033 688 3072; x_wconf 88' lang='lat' dir='ltr'><strong>producitur</strong></span> <span class='ocrx_word' id='word_1_331' title='bbox 694 3045 703 3070; x_wconf 87' lang='lat'>;</span> <span class='ocrx_word' id='word_1_332' title='bbox 727 3039 758 3063; x_wconf 84' lang='lat' dir='ltr'><strong>ct</strong></span> <span class='ocrx_word' id='word_1_333' title='bbox 771 3039 886 3071; x_wconf 84' lang='lat' dir='ltr'><strong>contra,</strong></span> <span class='ocrx_word' id='word_1_334' title='bbox 909 3031 972 3074; x_wconf 72' lang='lat' dir='ltr'><strong>quo</strong></span> <span class='ocrx_word' id='word_1_335' title='bbox 987 3044 1050 3064; x_wconf 85' lang='lat' dir='ltr'><strong>ma-</strong></span> 
     </span>
     <span class='ocr_line' id='line_1_44' title="bbox 218 3072 1053 3116; baseline 0.004 -13"><span class='ocrx_word' id='word_1_336' title='bbox 218 3072 269 3114; x_wconf 83' lang='lat' dir='ltr'><strong>jor</strong></span> <span class='ocrx_word' id='word_1_337' title='bbox 283 3080 329 3104; x_wconf 83' lang='lat' dir='ltr'><strong>est</strong></span> <span class='ocrx_word' id='word_1_338' title='bbox 342 3075 522 3111; x_wconf 72' lang='lat' dir='ltr'><strong>resistentia,</strong></span> <span class='ocrx_word' id='word_1_339' title='bbox 545 3073 582 3105; x_wconf 73' lang='grc' dir='ltr'><strong>οό</strong></span> <span class='ocrx_word' id='word_1_340' title='bbox 597 3075 686 3106; x_wconf 89' lang='lat' dir='ltr'><strong>citius</strong></span> <span class='ocrx_word' id='word_1_341' title='bbox 700 3075 892 3116; x_wconf 83' lang='lat' dir='ltr'><strong>extinguitur</strong></span> <span class='ocrx_word' id='word_1_342' title='bbox 911 3076 1053 3108; x_wconf 78' lang='lat' dir='ltr'><strong>velocitas</strong></span> 
     </span>
     <span class='ocr_line' id='line_1_45' title="bbox 222 3116 645 3156; baseline 0 -9"><span class='ocrx_word' id='word_1_343' title='bbox 222 3117 342 3156; x_wconf 80' lang='lat' dir='ltr'><strong>corpori</strong></span> <span class='ocrx_word' id='word_1_344' title='bbox 356 3116 447 3147; x_wconf 86' lang='lat' dir='ltr'><strong>insita</strong></span> <span class='ocrx_word' id='word_1_345' title='bbox 462 3117 493 3146; x_wconf 84' lang='lat' dir='ltr'><strong>in</strong></span> <span class='ocrx_word' id='word_1_346' title='bbox 508 3127 645 3148; x_wconf 83' lang='lat' dir='ltr'><strong>ascensu.</strong></span> 
     </span>
    </p>
   </div>
   <div class='ocr_carea' id='block_1_11' title="bbox 1093 2101 1929 3162">
    <p class='ocr_par' dir='ltr' id='par_1_13' title="bbox 1096 2101 1929 2315">
     <span class='ocr_line' id='line_1_46' title="bbox 1140 2101 1928 2143; baseline 0.004 -11"><span class='ocrx_word' id='word_1_347' title='bbox 1140 2101 1186 2143; x_wconf 52' lang='grc' dir='ltr'><strong>(ε)</strong></span> <span class='ocrx_word' id='word_1_348' title='bbox 1204 2104 1221 2122; x_wconf 81' lang='grc'><strong>“““</strong></span> <span class='ocrx_word' id='word_1_349' title='bbox 1239 2101 1344 2141; x_wconf 81' lang='lat' dir='ltr'><strong>Major</strong></span> <span class='ocrx_word' id='word_1_350' title='bbox 1357 2103 1396 2134; x_wconf 79' lang='lat' dir='ltr'><strong>sit</strong></span> <span class='ocrx_word' id='word_1_351' title='bbox 1407 2113 1464 2142; x_wconf 82' lang='lat' dir='ltr'><strong>pro</strong></span> <span class='ocrx_word' id='word_1_352' title='bbox 1480 2104 1597 2134; x_wconf 82' lang='lat' dir='ltr'><strong>ratione</strong></span> <span class='ocrx_word' id='word_1_353' title='bbox 1607 2104 1815 2143; x_wconf 69' lang='lat' dir='ltr'><strong>longitudinis.</strong></span> <span class='ocrx_word' id='word_1_354' title='bbox 1841 2104 1928 2135; x_wconf 86' lang='lat' dir='ltr'><strong>Lon-</strong></span> 
     </span>
     <span class='ocr_line' id='line_1_47' title="bbox 1096 2144 1929 2188; baseline 0.005 -15"><span class='ocrx_word' id='word_1_355' title='bbox 1096 2144 1205 2185; x_wconf 82' lang='lat' dir='ltr'><strong>gitudo</strong></span> <span class='ocrx_word' id='word_1_356' title='bbox 1227 2144 1258 2174; x_wconf 92' lang='lat' dir='ltr'><strong>in</strong></span> <span class='ocrx_word' id='word_1_357' title='bbox 1281 2144 1428 2175; x_wconf 87' lang='lat' dir='ltr'><strong>descensu</strong></span> <span class='ocrx_word' id='word_1_358' title='bbox 1450 2145 1600 2185; x_wconf 80' lang='lat' dir='ltr'><strong>descripta</strong></span> <span class='ocrx_word' id='word_1_359' title='bbox 1624 2156 1744 2185; x_wconf 87' lang='lat' dir='ltr'><strong>semper</strong></span> <span class='ocrx_word' id='word_1_360' title='bbox 1763 2147 1862 2188; x_wconf 83' lang='lat' dir='ltr'><strong>major</strong></span> <span class='ocrx_word' id='word_1_361' title='bbox 1882 2152 1929 2178; x_wconf 81' lang='lat' dir='ltr'><strong>est</strong></span> 
     </span>
     <span class='ocr_line' id='line_1_48' title="bbox 1096 2186 1927 2230; baseline 0.004 -13"><span class='ocrx_word' id='word_1_362' title='bbox 1096 2186 1190 2226; x_wconf 63' lang='lat' dir='ltr'><strong>quam</strong></span> <span class='ocrx_word' id='word_1_363' title='bbox 1201 2186 1364 2228; x_wconf 79' lang='lat' dir='ltr'><strong>longitudo</strong></span> <span class='ocrx_word' id='word_1_364' title='bbox 1373 2186 1524 2227; x_wconf 81' lang='lat' dir='ltr'><strong>descripta</strong></span> <span class='ocrx_word' id='word_1_365' title='bbox 1533 2188 1567 2218; x_wconf 95' lang='lat' dir='ltr'><strong>in</strong></span> <span class='ocrx_word' id='word_1_366' title='bbox 1575 2198 1703 2220; x_wconf 83' lang='lat' dir='ltr'><strong>ascensu</strong></span> <span class='ocrx_word' id='word_1_367' title='bbox 1712 2190 1927 2230; x_wconf 80' lang='lat' dir='ltr'><strong>subsequente,</strong></span> 
     </span>
     <span class='ocr_line' id='line_1_49' title="bbox 1096 2229 1928 2271; baseline 0.005 -12"><span class='ocrx_word' id='word_1_368' title='bbox 1096 2229 1122 2259; x_wconf 88' lang='lat' dir='ltr'><strong>si</strong></span> <span class='ocrx_word' id='word_1_369' title='bbox 1136 2229 1274 2260; x_wconf 74' lang='lat' dir='ltr'><strong>medium</strong></span> <span class='ocrx_word' id='word_1_370' title='bbox 1288 2229 1417 2268; x_wconf 81' lang='lat' dir='ltr'><strong>resistit3</strong></span> <span class='ocrx_word' id='word_1_371' title='bbox 1433 2229 1506 2260; x_wconf 77' lang='lat' dir='ltr'><strong>cum</strong></span> <span class='ocrx_word' id='word_1_372' title='bbox 1518 2230 1728 2271; x_wconf 78' lang='lat' dir='ltr'><strong>longitudines</strong></span> <span class='ocrx_word' id='word_1_373' title='bbox 1738 2231 1800 2262; x_wconf 86' lang='lat' dir='ltr'><strong>illae</strong></span> <span class='ocrx_word' id='word_1_374' title='bbox 1814 2232 1847 2262; x_wconf 90' lang='lat' dir='ltr'><strong>in</strong></span> <span class='ocrx_word' id='word_1_375' title='bbox 1861 2241 1928 2263; x_wconf 79' lang='lat' dir='ltr'><strong>me-</strong></span> 
     </span>
     <span class='ocr_line' id='line_1_50' title="bbox 1097 2271 1866 2315; baseline 0.004 -13"><span class='ocrx_word' id='word_1_376' title='bbox 1097 2271 1149 2302; x_wconf 90' lang='lat' dir='ltr'><strong>dio</strong></span> <span class='ocrx_word' id='word_1_377' title='bbox 1163 2282 1226 2302; x_wconf 92' lang='lat' dir='ltr'><strong>non</strong></span> <span class='ocrx_word' id='word_1_378' title='bbox 1241 2273 1397 2303; x_wconf 86' lang='lat' dir='ltr'><strong>resistente</strong></span> <span class='ocrx_word' id='word_1_379' title='bbox 1411 2272 1472 2302; x_wconf 84' lang='lat' dir='ltr'><strong>sint</strong></span> <span class='ocrx_word' id='word_1_380' title='bbox 1486 2273 1618 2314; x_wconf 83' lang='lat' dir='ltr'><strong>aequales</strong></span> <span class='ocrx_word' id='word_1_381' title='bbox 1633 2275 1699 2315; x_wconf 79' lang='lat'>(92.</span> <span class='ocrx_word' id='word_1_382' title='bbox 1718 2273 1788 2304; x_wconf 84' lang='lat' dir='ltr'><strong>Lib.</strong></span> <span class='ocrx_word' id='word_1_383' title='bbox 1808 2274 1835 2305; x_wconf 86' lang='lat'><strong>1.</strong></span> <span class='ocrx_word' id='word_1_384' title='bbox 1842 2273 1866 2314; x_wconf 84' lang='lat'><strong>).</strong></span> 
     </span>
    </p>

    <p class='ocr_par' dir='ltr' id='par_1_14' title="bbox 1093 2314 1926 3162">
     <span class='ocr_line' id='line_1_51' title="bbox 1142 2314 1926 2358; baseline 0.001 -12"><span class='ocrx_word' id='word_1_385' title='bbox 1142 2314 1183 2356; x_wconf 78' lang='lat' dir='ltr'><strong>(f)</strong></span> <span class='ocrx_word' id='word_1_386' title='bbox 1201 2317 1219 2335; x_wconf 61' lang='lat'><strong>*¹⁵</strong></span> <span class='ocrx_word' id='word_1_387' title='bbox 1237 2317 1325 2347; x_wconf 81' lang='lat' dir='ltr'><strong>Nam</strong></span> <span class='ocrx_word' id='word_1_388' title='bbox 1340 2317 1511 2355; x_wconf 74' lang='lat' dir='ltr'><strong>corporibus</strong></span> <span class='ocrx_word' id='word_1_389' title='bbox 1525 2317 1768 2354; x_wconf 72' lang='lat' dir='ltr'><strong>taram-entibus,</strong></span> <span class='ocrx_word' id='word_1_390' title='bbox 1779 2326 1833 2347; x_wconf 81' lang='lat' dir='ltr'><strong>seu</strong></span> <span class='ocrx_word' id='word_1_391' title='bbox 1847 2326 1926 2358; x_wconf 86' lang='lat' dir='ltr'><strong>quo-</strong></span> 
     </span>
     <span class='ocr_line' id='line_1_52' title="bbox 1098 2356 1926 2397; baseline 0.002 -10"><span class='ocrx_word' id='word_1_392' title='bbox 1098 2367 1169 2387; x_wconf 91' lang='lat' dir='ltr'><strong>rum</strong></span> <span class='ocrx_word' id='word_1_393' title='bbox 1184 2357 1327 2388; x_wconf 86' lang='lat' dir='ltr'><strong>velocitas</strong></span> <span class='ocrx_word' id='word_1_394' title='bbox 1341 2358 1488 2388; x_wconf 88' lang='lat' dir='ltr'><strong>continuo</strong></span> <span class='ocrx_word' id='word_1_395' title='bbox 1502 2357 1656 2394; x_wconf 79' lang='lat' dir='ltr'><strong>decrescit,</strong></span> <span class='ocrx_word' id='word_1_396' title='bbox 1672 2365 1708 2388; x_wconf 91' lang='lat' dir='ltr'><strong>ut</strong></span> <span class='ocrx_word' id='word_1_397' title='bbox 1722 2357 1757 2388; x_wconf 83' lang='lat' dir='ltr'><strong>fit</strong></span> <span class='ocrx_word' id='word_1_398' title='bbox 1770 2356 1802 2388; x_wconf 89' lang='lat' dir='ltr'><strong>in</strong></span> <span class='ocrx_word' id='word_1_399' title='bbox 1817 2368 1926 2397; x_wconf 83' lang='lat' dir='ltr'><strong>corpo-</strong></span> 
     </span>
     <span class='ocr_line' id='line_1_53' title="bbox 1097 2399 1926 2440; baseline 0.001 -10"><span class='ocrx_word' id='word_1_400' title='bbox 1097 2410 1169 2429; x_wconf 90' lang='lat' dir='ltr'><strong>rum</strong></span> <span class='ocrx_word' id='word_1_401' title='bbox 1183 2410 1321 2437; x_wconf 86' lang='lat' dir='ltr'><strong>ascensu,</strong></span> <span class='ocrx_word' id='word_1_402' title='bbox 1338 2399 1432 2440; x_wconf 83' lang='lat' dir='ltr'><strong>paulo</strong></span> <span class='ocrx_word' id='word_1_403' title='bbox 1446 2399 1551 2429; x_wconf 87' lang='lat' dir='ltr'><strong>minus</strong></span> <span class='ocrx_word' id='word_1_404' title='bbox 1565 2399 1724 2437; x_wconf 85' lang='lat' dir='ltr'><strong>resistitur,</strong></span> <span class='ocrx_word' id='word_1_405' title='bbox 1740 2410 1797 2439; x_wconf 89' lang='lat' dir='ltr'><strong>pro</strong></span> <span class='ocrx_word' id='word_1_406' title='bbox 1807 2401 1926 2432; x_wconf 81' lang='lat' dir='ltr'><strong>tatione</strong></span> 
     </span>
     <span class='ocr_line' id='line_1_54' title="bbox 1096 2441 1926 2482; baseline 0.002 -10"><span class='ocrx_word' id='word_1_407' title='bbox 1096 2441 1281 2480; x_wconf 80' lang='lat' dir='ltr'><strong>velocitatis;</strong></span> <span class='ocrx_word' id='word_1_408' title='bbox 1299 2448 1330 2472; x_wconf 87' lang='lat' dir='ltr'><strong>et</strong></span> <span class='ocrx_word' id='word_1_409' title='bbox 1339 2442 1516 2482; x_wconf 69' lang='lat' dir='ltr'><strong>corporibus</strong></span> <span class='ocrx_word' id='word_1_410' title='bbox 1530 2441 1712 2477; x_wconf 80' lang='lat' dir='ltr'><strong>acceleratis,</strong></span> <span class='ocrx_word' id='word_1_411' title='bbox 1729 2453 1784 2475; x_wconf 82' lang='lat' dir='ltr'><strong>seu</strong></span> <span class='ocrx_word' id='word_1_412' title='bbox 1798 2443 1926 2474; x_wconf 84' lang='lat' dir='ltr'><strong>descen·</strong></span> 
     </span>
     <span class='ocr_line' id='line_1_55' title="bbox 1095 2483 1926 2526; baseline 0.004 -12"><span class='ocrx_word' id='word_1_413' title='bbox 1095 2483 1247 2519; x_wconf 84' lang='lat' dir='ltr'><strong>dentibus,</strong></span> <span class='ocrx_word' id='word_1_414' title='bbox 1274 2483 1368 2523; x_wconf 73' lang='lat' dir='ltr'><strong>paulo</strong></span> <span class='ocrx_word' id='word_1_415' title='bbox 1392 2484 1490 2525; x_wconf 81' lang='lat' dir='ltr'><strong>magis</strong></span> <span class='ocrx_word' id='word_1_416' title='bbox 1513 2484 1662 2515; x_wconf 83' lang='lat' dir='ltr'><strong>resistitur</strong></span> <span class='ocrx_word' id='word_1_417' title='bbox 1681 2483 1776 2525; x_wconf 68' lang='lat' dir='ltr'><strong>quiim</strong></span> <span class='ocrx_word' id='word_1_418' title='bbox 1796 2485 1835 2516; x_wconf 76' lang='lat' dir='ltr'><strong>iis</strong></span> <span class='ocrx_word' id='word_1_419' title='bbox 1853 2496 1926 2526; x_wconf 79' lang='lat' dir='ltr'><strong>quae</strong></span> 
     </span>
     <span class='ocr_line' id='line_1_56' title="bbox 1093 2525 1924 2567; baseline 0.004 -11"><span class='ocrx_word' id='word_1_420' title='bbox 1093 2525 1288 2557; x_wconf 85' lang='lat' dir='ltr'><strong>uniformiter</strong></span> <span class='ocrx_word' id='word_1_421' title='bbox 1297 2526 1544 2567; x_wconf 82' lang='lat' dir='ltr'><strong>progrediuntur.</strong></span> <span class='ocrx_word' id='word_1_422' title='bbox 1574 2527 1624 2556; x_wconf 78' lang='lat' dir='ltr'><strong>&#39;In</strong></span> <span class='ocrx_word' id='word_1_423' title='bbox 1635 2527 1735 2566; x_wconf 82' lang='lat' dir='ltr'><strong>priore</strong></span> <span class='ocrx_word' id='word_1_424' title='bbox 1745 2527 1828 2558; x_wconf 84' lang='lat' dir='ltr'><strong>enim</strong></span> <span class='ocrx_word' id='word_1_425' title='bbox 1840 2538 1924 2566; x_wconf 79' lang='lat' dir='ltr'><strong>casu,</strong></span> 
     </span>
     <span class='ocr_line' id='line_1_57' title="bbox 1094 2568 1923 2609; baseline 0.004 -11"><span class='ocrx_word' id='word_1_426' title='bbox 1094 2568 1233 2599; x_wconf 87' lang='lat' dir='ltr'><strong>medium</strong></span> <span class='ocrx_word' id='word_1_427' title='bbox 1257 2579 1294 2599; x_wconf 89' lang='lat' dir='ltr'><strong>eo</strong></span> <span class='ocrx_word' id='word_1_428' title='bbox 1318 2570 1411 2608; x_wconf 83' lang='lat' dir='ltr'><strong>quam</strong></span> <span class='ocrx_word' id='word_1_429' title='bbox 1437 2579 1456 2599; x_wconf 85' lang='lat' dir='ltr'><strong>a</strong></span> <span class='ocrx_word' id='word_1_430' title='bbox 1479 2569 1656 2608; x_wconf 84' lang='lat' dir='ltr'><strong>corporibus</strong></span> <span class='ocrx_word' id='word_1_431' title='bbox 1683 2570 1802 2609; x_wconf 80' lang='lat' dir='ltr'><strong>accepit</strong></span> <span class='ocrx_word' id='word_1_432' title='bbox 1823 2577 1923 2608; x_wconf 86' lang='lat' dir='ltr'><strong>motu,</strong></span> 
     </span>
     <span class='ocr_line' id='line_1_58' title="bbox 1094 2610 1924 2652; baseline 0.002 -10"><span class='ocrx_word' id='word_1_433' title='bbox 1094 2621 1249 2652; x_wconf 88' lang='lat' dir='ltr'><strong>quemque</strong></span> <span class='ocrx_word' id='word_1_434' title='bbox 1271 2610 1450 2651; x_wconf 82' lang='lat' dir='ltr'><strong>aliquandiu</strong></span> <span class='ocrx_word' id='word_1_435' title='bbox 1472 2612 1512 2641; x_wconf 93' lang='lat' dir='ltr'><strong>ob</strong></span> <span class='ocrx_word' id='word_1_436' title='bbox 1532 2611 1672 2641; x_wconf 84' lang='lat' dir='ltr'><strong>inertiam</strong></span> <span class='ocrx_word' id='word_1_437' title='bbox 1694 2612 1829 2642; x_wconf 78' lang='lat' dir='ltr'><strong>materiae</strong></span> <span class='ocrx_word' id='word_1_438' title='bbox 1850 2623 1924 2644; x_wconf 85' lang='lat' dir='ltr'><strong>con-</strong></span> 
     </span>
     <span class='ocr_line' id='line_1_59' title="bbox 1095 2653 1923 2694; baseline 0.004 -11"><span class='ocrx_word' id='word_1_439' title='bbox 1095 2659 1202 2691; x_wconf 79' lang='lat' dir='ltr'><strong>servat,</strong></span> <span class='ocrx_word' id='word_1_440' title='bbox 1218 2654 1250 2683; x_wconf 90' lang='lat' dir='ltr'><strong>in</strong></span> <span class='ocrx_word' id='word_1_441' title='bbox 1262 2653 1401 2684; x_wconf 81' lang='lat' dir='ltr'><strong>eamdem</strong></span> <span class='ocrx_word' id='word_1_442' title='bbox 1410 2653 1533 2694; x_wconf 79' lang='lat' dir='ltr'><strong>plagam</strong></span> <span class='ocrx_word' id='word_1_443' title='bbox 1542 2654 1642 2694; x_wconf 87' lang='lat' dir='ltr'><strong>pergit</strong></span> <span class='ocrx_word' id='word_1_444' title='bbox 1653 2664 1725 2684; x_wconf 90' lang='lat' dir='ltr'><strong>cum</strong></span> <span class='ocrx_word' id='word_1_445' title='bbox 1737 2655 1923 2694; x_wconf 83' lang='lat' dir='ltr'><strong>corporibus,</strong></span> 
     </span>
     <span class='ocr_line' id='line_1_60' title="bbox 1094 2696 1924 2729; baseline 0.004 -3"><span class='ocrx_word' id='word_1_446' title='bbox 1094 2701 1126 2726; x_wconf 90' lang='lat' dir='ltr'><strong>et</strong></span> <span class='ocrx_word' id='word_1_447' title='bbox 1146 2697 1186 2727; x_wconf 92' lang='lat' dir='ltr'><strong>ob</strong></span> <span class='ocrx_word' id='word_1_448' title='bbox 1207 2696 1384 2726; x_wconf 79' lang='lat' dir='ltr'><strong>validiorem</strong></span> <span class='ocrx_word' id='word_1_449' title='bbox 1410 2697 1449 2728; x_wconf 86' lang='lat' dir='ltr'><strong>ab</strong></span> <span class='ocrx_word' id='word_1_450' title='bbox 1473 2696 1562 2726; x_wconf 86' lang='lat' dir='ltr'><strong>initio</strong></span> <span class='ocrx_word' id='word_1_451' title='bbox 1581 2696 1684 2726; x_wconf 75' lang='lat' dir='ltr'><strong>motus</strong></span> <span class='ocrx_word' id='word_1_452' title='bbox 1703 2697 1849 2728; x_wconf 81' lang='lat' dir='ltr'><strong>continue</strong></span> <span class='ocrx_word' id='word_1_453' title='bbox 1869 2697 1924 2729; x_wconf 85' lang='lat' dir='ltr'><strong>de-</strong></span> 
     </span>
     <span class='ocr_line' id='line_1_61' title="bbox 1094 2737 1923 2780; baseline 0.002 -11"><span class='ocrx_word' id='word_1_454' title='bbox 1094 2738 1255 2769; x_wconf 86' lang='lat' dir='ltr'><strong>crescentis</strong></span> <span class='ocrx_word' id='word_1_455' title='bbox 1264 2744 1420 2777; x_wconf 78' lang='lat' dir='ltr'><strong>acceptam</strong></span> <span class='ocrx_word' id='word_1_456' title='bbox 1431 2737 1660 2777; x_wconf 82' lang='lat' dir='ltr'><strong>impressionem</strong></span> <span class='ocrx_word' id='word_1_457' title='bbox 1670 2739 1770 2780; x_wconf 75' lang='lat' dir='ltr'><strong>magis</strong></span> <span class='ocrx_word' id='word_1_458' title='bbox 1780 2740 1923 2780; x_wconf 80' lang='lat' dir='ltr'><strong>agitatur,</strong></span> 
     </span>
     <span class='ocr_line' id='line_1_62' title="bbox 1094 2781 1922 2822; baseline 0.002 -11"><span class='ocrx_word' id='word_1_459' title='bbox 1094 2791 1131 2811; x_wconf 88' lang='lat' dir='ltr'><strong>ac</strong></span> <span class='ocrx_word' id='word_1_460' title='bbox 1144 2781 1273 2820; x_wconf 88' lang='lat' dir='ltr'><strong>proinde</strong></span> <span class='ocrx_word' id='word_1_461' title='bbox 1287 2781 1384 2822; x_wconf 87' lang='lat' dir='ltr'><strong>magis</strong></span> <span class='ocrx_word' id='word_1_462' title='bbox 1394 2781 1546 2820; x_wconf 83' lang='lat' dir='ltr'><strong>conspirat</strong></span> <span class='ocrx_word' id='word_1_463' title='bbox 1556 2791 1628 2811; x_wconf 89' lang='lat' dir='ltr'><strong>cum</strong></span> <span class='ocrx_word' id='word_1_464' title='bbox 1639 2782 1815 2821; x_wconf 73' lang='lat' dir='ltr'><strong>corporibus</strong></span> <span class='ocrx_word' id='word_1_465' title='bbox 1822 2781 1922 2818; x_wconf 58' lang='lat' dir='ltr'><strong>moth,</strong></span> 
     </span>
     <span class='ocr_line' id='line_1_63' title="bbox 1094 2823 1925 2864; baseline 0.004 -11"><span class='ocrx_word' id='word_1_466' title='bbox 1094 2823 1306 2864; x_wconf 87' lang='lat' dir='ltr'><strong>minoremque</strong></span> <span class='ocrx_word' id='word_1_467' title='bbox 1320 2823 1358 2853; x_wconf 90' lang='lat' dir='ltr'><strong>iis</strong></span> <span class='ocrx_word' id='word_1_468' title='bbox 1371 2823 1573 2854; x_wconf 83' lang='lat' dir='ltr'><strong>resistentiam</strong></span> <span class='ocrx_word' id='word_1_469' title='bbox 1594 2823 1707 2864; x_wconf 87' lang='lat' dir='ltr'><strong>objicit.</strong></span> <span class='ocrx_word' id='word_1_470' title='bbox 1755 2826 1803 2856; x_wconf 81' lang='lat' dir='ltr'><strong>At</strong></span> <span class='ocrx_word' id='word_1_471' title='bbox 1822 2825 1857 2856; x_wconf 84' lang='lat' dir='ltr'><strong>in</strong></span> <span class='ocrx_word' id='word_1_472' title='bbox 1875 2834 1925 2856; x_wconf 72' lang='lat' dir='ltr'><strong>no-</strong></span> 
     </span>
     <span class='ocr_line' id='line_1_64' title="bbox 1095 2865 1922 2906; baseline 0.002 -10"><span class='ocrx_word' id='word_1_473' title='bbox 1095 2866 1199 2897; x_wconf 87' lang='lat' dir='ltr'><strong>cundo</strong></span> <span class='ocrx_word' id='word_1_474' title='bbox 1227 2876 1299 2897; x_wconf 78' lang='lat' dir='ltr'><strong>casu</strong></span> <span class='ocrx_word' id='word_1_475' title='bbox 1324 2865 1397 2896; x_wconf 76' lang='lat' dir='ltr'><strong>cum</strong></span> <span class='ocrx_word' id='word_1_476' title='bbox 1421 2872 1524 2897; x_wconf 85' lang='lat' dir='ltr'><strong>motus</strong></span> <span class='ocrx_word' id='word_1_477' title='bbox 1553 2873 1701 2906; x_wconf 82' lang='lat' dir='ltr'><strong>perpetuo</strong></span> <span class='ocrx_word' id='word_1_478' title='bbox 1728 2866 1922 2905; x_wconf 66' lang='lat' dir='ltr'><strong>acceleretur,</strong></span> 
     </span>
     <span class='ocr_line' id='line_1_65' title="bbox 1095 2908 1923 2948; baseline 0.004 -10"><span class='ocrx_word' id='word_1_479' title='bbox 1095 2908 1235 2940; x_wconf 87' lang='lat' dir='ltr'><strong>medium</strong></span> <span class='ocrx_word' id='word_1_480' title='bbox 1249 2918 1286 2939; x_wconf 88' lang='lat' dir='ltr'><strong>ex</strong></span> <span class='ocrx_word' id='word_1_481' title='bbox 1307 2909 1459 2948; x_wconf 81' lang='lat' dir='ltr'><strong>prioribus</strong></span> <span class='ocrx_word' id='word_1_482' title='bbox 1480 2908 1590 2939; x_wconf 86' lang='lat' dir='ltr'><strong>ictibus</strong></span> <span class='ocrx_word' id='word_1_483' title='bbox 1611 2919 1675 2940; x_wconf 83' lang='lat' dir='ltr'><strong>non</strong></span> <span class='ocrx_word' id='word_1_484' title='bbox 1695 2909 1768 2940; x_wconf 82' lang='lat' dir='ltr'><strong>satis</strong></span> <span class='ocrx_word' id='word_1_485' title='bbox 1787 2909 1923 2941; x_wconf 75' lang='lat' dir='ltr'><strong>velocem</strong></span> 
     </span>
     <span class='ocr_line' id='line_1_66' title="bbox 1096 2950 1922 2992; baseline 0.002 -12"><span class='ocrx_word' id='word_1_486' title='bbox 1096 2958 1216 2981; x_wconf 83' lang='lat' dir='ltr'><strong>motum</strong></span> <span class='ocrx_word' id='word_1_487' title='bbox 1237 2951 1362 2991; x_wconf 81' lang='lat' dir='ltr'><strong>accepit,</strong></span> <span class='ocrx_word' id='word_1_488' title='bbox 1385 2957 1416 2981; x_wconf 91' lang='lat' dir='ltr'><strong>et</strong></span> <span class='ocrx_word' id='word_1_489' title='bbox 1436 2950 1507 2981; x_wconf 75' lang='lat' dir='ltr'><strong>ideo</strong></span> <span class='ocrx_word' id='word_1_490' title='bbox 1522 2954 1588 2992; x_wconf 88' lang='lat' dir='ltr'><strong>ejus</strong></span> <span class='ocrx_word' id='word_1_491' title='bbox 1602 2951 1739 2983; x_wconf 83' lang='lat' dir='ltr'><strong>celeritas</strong></span> <span class='ocrx_word' id='word_1_492' title='bbox 1757 2951 1844 2982; x_wconf 72' lang='lat' dir='ltr'><strong>novin</strong></span> <span class='ocrx_word' id='word_1_493' title='bbox 1860 2950 1922 2982; x_wconf 79' lang='lat' dir='ltr'><strong>im·</strong></span> 
     </span>
     <span class='ocr_line' id='line_1_67' title="bbox 1094 2993 1922 3034; baseline 0.002 -11"><span class='ocrx_word' id='word_1_494' title='bbox 1094 2993 1234 3032; x_wconf 84' lang='lat' dir='ltr'><strong>pulsibus</strong></span> <span class='ocrx_word' id='word_1_495' title='bbox 1261 2993 1408 3024; x_wconf 86' lang='lat' dir='ltr'><strong>continuo</strong></span> <span class='ocrx_word' id='word_1_496' title='bbox 1435 2993 1579 3034; x_wconf 78' lang='lat' dir='ltr'><strong>augenda</strong></span> <span class='ocrx_word' id='word_1_497' title='bbox 1600 3001 1646 3024; x_wconf 83' lang='lat' dir='ltr'><strong>est</strong></span> <span class='ocrx_word' id='word_1_498' title='bbox 1670 3000 1706 3025; x_wconf 86' lang='lat' dir='ltr'><strong>ut</strong></span> <span class='ocrx_word' id='word_1_499' title='bbox 1727 2993 1822 3034; x_wconf 63' lang='lat' dir='ltr'><strong>poadt</strong></span> <span class='ocrx_word' id='word_1_500' title='bbox 1848 3003 1922 3025; x_wconf 89' lang='lat' dir='ltr'><strong>cum</strong></span> 
     </span>
     <span class='ocr_line' id='line_1_68' title="bbox 1094 3035 1924 3077; baseline 0.002 -12"><span class='ocrx_word' id='word_1_501' title='bbox 1094 3036 1273 3075; x_wconf 85' lang='lat' dir='ltr'><strong>corporibus</strong></span> <span class='ocrx_word' id='word_1_502' title='bbox 1287 3035 1377 3067; x_wconf 88' lang='lat' dir='ltr'><strong>motis</strong></span> <span class='ocrx_word' id='word_1_503' title='bbox 1392 3036 1586 3075; x_wconf 85' lang='lat' dir='ltr'><strong>conspirare;</strong></span> <span class='ocrx_word' id='word_1_504' title='bbox 1601 3036 1734 3077; x_wconf 87' lang='lat' dir='ltr'><strong>hincque</strong></span> <span class='ocrx_word' id='word_1_505' title='bbox 1747 3035 1924 3076; x_wconf 65' lang='lat' dir='ltr'><strong>corporibus</strong></span> 
     </span>
     <span class='ocr_line' id='line_1_69' title="bbox 1095 3077 1923 3119; baseline 0 -11"><span class='ocrx_word' id='word_1_506' title='bbox 1095 3079 1267 3109; x_wconf 82' lang='lat' dir='ltr'><strong>acceleratis</strong></span> <span class='ocrx_word' id='word_1_507' title='bbox 1287 3078 1398 3109; x_wconf 76' lang='lat' dir='ltr'><strong>resistit</strong></span> <span class='ocrx_word' id='word_1_508' title='bbox 1411 3078 1510 3119; x_wconf 83' lang='lat' dir='ltr'><strong>magis</strong></span> <span class='ocrx_word' id='word_1_509' title='bbox 1523 3077 1617 3119; x_wconf 61' lang='lat' dir='ltr'><strong>quam</strong></span> <span class='ocrx_word' id='word_1_510' title='bbox 1639 3078 1833 3110; x_wconf 81' lang='lat' dir='ltr'><strong>uniformiter</strong></span> <span class='ocrx_word' id='word_1_511' title='bbox 1853 3087 1923 3118; x_wconf 76' lang='lat' dir='ltr'><strong>pm-</strong></span> 
     </span>
     <span class='ocr_line' id='line_1_70' title="bbox 1095 3120 1925 3162; baseline 0.004 -12"><span class='ocrx_word' id='word_1_512' title='bbox 1095 3120 1311 3161; x_wconf 82' lang='lat' dir='ltr'><strong>grcdientibus.</strong></span> <span class='ocrx_word' id='word_1_513' title='bbox 1348 3120 1496 3152; x_wconf 86' lang='lat' dir='ltr'><strong>Pendulis</strong></span> <span class='ocrx_word' id='word_1_514' title='bbox 1510 3121 1605 3162; x_wconf 86' lang='lat' dir='ltr'><strong>igitur</strong></span> <span class='ocrx_word' id='word_1_515' title='bbox 1618 3121 1652 3152; x_wconf 84' lang='lat' dir='ltr'><strong>in</strong></span> <span class='ocrx_word' id='word_1_516' title='bbox 1665 3122 1814 3153; x_wconf 84' lang='lat' dir='ltr'><strong>descensu</strong></span> <span class='ocrx_word' id='word_1_517' title='bbox 1825 3122 1925 3162; x_wconf 74' lang='lat' dir='ltr'><strong>magis</strong></span> 
     </span>
    </p>
   </div>
   <div class='ocr_carea' id='block_1_12' title="bbox 1738 3258 1754 3266">
    <p class='ocr_par' dir='ltr' id='par_1_15' title="bbox 1738 3258 1754 3266">
     <span class='ocr_line' id='line_1_71' title="bbox 1738 3258 1754 3266; baseline 0 0"><span class='ocrx_word' id='word_1_518' title='bbox 1738 3258 1754 3266; x_wconf 52' lang='grc' dir='ltr'>ω</span> 
     </span>
    </p>
   </div>
  </div>
 </body>
</html>
