2066 3548
174 254 319 296 Lmnn
342 254 556 305 Saeuum]
609 253 925 297 PRINCIPIA
947 254 1444 321 ιΜΑΤΗΕΜΑΤΙΟΑ.

231 369 362 410 Coro&
383 372 422 411 7.
455 368 501 410 Si
519 383 668 423 corpus
687 368 731 410 in
749 369 899 419 medio,
914 370 1029 424 cujus
1044 370 1145 412 den-

171 437 266 477 sitas
292 444 355 477 est
382 436 591 491 reciproce
619 445 666 478 ut
693 437 886 478 distantia
912 437 1097 480 locorum
1117 455 1143 480 a

170 514 325 556 centro,
359 506 655 548 revolutionem
682 507 725 547 in
754 506 878 548 curva
899 507 1142 564 quacunque

169 578 211 619 A
233 578 330 620 RB
350 578 458 619 circa
488 586 674 620 centrum
702 578 805 619 illud
830 578 984 630 fecerit,
1015 588 1057 621 et
1075 595 1141 621 ra-

167 647 282 688 dium
301 649 481 703 primum
502 649 539 689 A
560 649 590 690 S
611 647 654 689 in
674 650 820 690 eodem
834 650 988 707 angulo
1007 648 1146 693 secue-
1200 646 1244 683 A

166 717 221 757 rit
239 717 282 758 in
305 717 342 758 B
357 731 440 772 quo
458 718 572 771 prius
593 718 635 758 in
656 718 710 766 A,
733 718 857 774 idque
878 734 973 761 cum
991 720 1141 762 veloci—

165 791 248 826 tate
278 800 371 841 quae
398 785 521 826 fuerit
549 785 603 838 ad
630 787 886 828 velocitatem
913 803 1031 830 suam
1054 790 1140 844 pri-

162 870 274 896 mam
292 856 336 896 in
366 856 406 897 A
436 856 645 910 reciproce
674 857 717 898 in
751 857 1034 912 subduplicata
1063 874 1129 900 ra-

162 926 273 967 tione
292 926 575 968 distantiarum
597 943 622 968 a
641 936 782 969 centro
803 928 864 983 (id
882 937 955 978 est,
977 938 1024 970 ut
1042 930 1084 970 A
1101 930 1132 971 S

1777 270 1858 307 119

1247 391 1339 632 f

162 998 216 1039 ad
234 999 411 1040 mediam
429 999 776 1053 proportionalem
794 999 900 1041 inter
920 1001 961 1041 A
976 1001 1006 1041 S
1025 1008 1067 1042 et
1087 1001 1125 1042 B
1148 1001 1194 1053 S)
1216 1001 1260 1056 (¹)
1281 1017 1429 1058 corpus
1449 1002 1551 1044 illud
1570 992 1718 1060 perget
1734 1003 1855 1043 innu-

161 1085 292 1111 meras
312 1069 541 1112 consimiles
560 1070 832 1112 revolutiones
855 1071 891 1111 B
913 1070 949 1111 F
970 1071 1020 1121 C,
1045 1071 1080 1112 C
1098 1071 1141 1113 G
1153 1072 1212 1122 D,
1234 1073 1308 1114 &c.
1330 1072 1538 1123 facere,>et
1557 1072 1854 1115 intersectioni-

160 1168 281 1199 tionum
301 1168 423 1199 illarum
437 1168 477 1200 ad
491 1175 605 1208 partem
620 1171 699 1200 hanc
712 1175 803 1200 rectae
827 1169 855 1200 P
871 1169 902 1207 S,
925 1170 983 1200 cir-

160 1210 238 1240 culis
265 1211 386 1241 duobus
413 1211 611 1251 interceptam
642 1212 754 1282 5157);
783 1212 837 1242 sed
864 1218 985 1242 mutato

159 1258 328 1292 utcumque
342 1253 457 1293 angulo
467 1264 560 1293 quem
569 1254 648 1292 spira
660 1254 685 1283 is
699 1253 836 1284 continet
849 1264 921 1284 cum
935 1265 983 1284 ra-

159 1293 213 1323 dio
230 1295 258 1324 P
274 1297 296 1324 S
310 1294 473 1335 longitudo
492 1296 719 1325 revolutionum
735 1296 814 1325 inter
828 1296 906 1326 duos
927 1297 985 1326 cir-

158 1335 245 1366 culos
273 1337 360 1367 datos
385 1338 603 1375 comprehensa
627 1345 671 1367 est
696 1344 732 1368 ut
754 1348 858 1367 secans
879 1338 986 1378 anguli

156 1377 241 1407 illius
264 1379 366 1419 (152).
425 1378 530 1413 Quare
557 1379 630 1409 cnm
657 1379 764 1409 datum
793 1380 832 1409 sit
859 1387 981 1419 tempus

157 1418 319 1450 descensus
333 1430 386 1458 per
398 1427 517 1458 partem
531 1420 633 1450 datam
646 1428 736 1451 rectae
753 1421 781 1451 P
795 1421 816 1453 S
830 1421 909 1451 inter
922 1423 979 1451 cir-

157 1461 244 1490 culos
258 1462 344 1492 datos
357 1468 540 1497 contentam,
556 1462 612 1492 erit
623 1469 744 1501 tempus
754 1462 979 1493 revolutionum

156 1502 237 1533 inter
261 1504 391 1534 circulos
416 1511 454 1534 ut
476 1514 581 1534 secans
612 1504 716 1544 anguli
745 1514 840 1543 quem
864 1504 983 1543 spiralis

740 1546 818 1576 ΟΡ

157 1571 292 1602 continet
315 1581 387 1602 cum
403 1570 498 1602 ,radio
525 1571 553 1602 P
570 1572 592 1602 S
612 1582 667 1602 seu
687 1578 724 1602 ut
740 1584 836 1629 0—83
859 1572 983 1603 sienim

156 1638 241 1668 sinus
259 1644 342 1669 totus
363 1638 401 1668 sit
427 1642 454 1675 1,
479 1638 536 1669 erit
557 1639 587 1670 Ο
608 1640 630 1669 S
643 1638 682 1669 ad
707 1639 737 1670 Ο
755 1640 784 1670 Ρ
798 1646 835 1670 ut
850 1643 864 1670 1
883 1640 922 1671 ad
935 1650 981 1671 se-

155 1688 274 1711 cantem
289 1681 396 1722 anguli
412 1680 440 1711 P
458 1681 488 1712 O
506 1681 528 1711 S
542 1692 596 1711 seu
614 1682 647 1717 Q
659 1681 686 1711 P
704 1682 735 1718 S,
747 1688 778 1713 et
791 1682 862 1713 ideo
876 1692 980 1713 secans

154 1754 200 1779 est
223 1723 311 1806 g—I}
359 1747 456 1780 Pone>
469 1748 540 1780 data
553 1748 635 1780 recta
652 1749 679 1780 P
691 1750 722 1784 s.
738 1749 871 1782 densitas
884 1756 930 1782 est
945 1757 981 1782 ut

153 1815 234 1898 ἕξ
246 1841 396 1883 reciproce
412 1844 480 1885 (per
497 1844 567 1874 Cor.
587 1847 616 1875 2.
634 1844 753 1886 hujus).
803 1844 899 1886 Erga,
919 1847 976 1877 &c-

196 1937 237 1979 (¹)
255 1940 271 1958 ³
286 1939 399 1978 Corlms
411 1940 489 1971 illud
498 1946 612 1980 perget,
628 1941 684 1971 διο.
718 1941 834 1972 Centro
850 1941 872 1972 S
886 1947 917 1972 et
930 1952 978 1972 ηρ

153 1978 206 2009 dio
219 1980 290 2010 dato
306 1981 330 2011 S
347 1982 376 2010 A
391 1980 542 2020 descripta
552 1983 742 2023 intelligatur
755 1984 872 2023 spiralis
893 1984 978 2024 loga-

153 2021 292 2052 rithmica
301 2032 371 2061 quae
381 2021 481 2061 primii
490 2024 679 2054 revolutione
688 2024 836 2062 absoluta,
846 2033 979 2057 transeat

152 2072 207 2101 per
230 2070 381 2101 punctum
405 2065 434 2094 B
455 2064 562 2094 datum
577 2066 610 2095 in
624 2066 709 2096 radio
726 2068 749 2097 S
765 2069 795 2097 A
819 2067 925 2108 (153.)
947 2074 978 2101 et

152 2104 269 2143 spiralis
282 2105 335 2135 illa
348 2105 412 2135 suis
425 2116 545 2144 semper
564 2107 714 2138 simih'bus
737 2109 978 2140 revolutionibus

151 2145 321 2187 distinguet
334 2147 453 2177 radium
475 2149 501 2177 A
517 2149 538 2179 S
552 2148 585 2178 in
599 2156 699 2187 partes
716 2151 746 2180 A
762 2151 792 2186 S,
813 2151 841 2181 B
856 2151 886 2187 S,
906 2152 932 2182 C
944 2152 976 2189 S,

153 2188 188 2218 D
205 2188 234 2224 S,
258 2189 313 2218 διο.
337 2188 483 2220 continue
497 2191 735 2229 proportionales
751 2192 853 2234 (150).
902 2193 976 2223 Fin-

151 2239 262 2269 gamus
281 2230 372 2260 etiam
387 2230 470 2270 quod
483 2232 591 2262 iisdem
606 2233 710 2271 positis
724 2244 794 2274 quae
817 2235 863 2275 (in
881 2234 972 2274 Prop.

153 2272 250 2311 XV.)
273 2282 384 2311 corpus
397 2273 522 2313 aliquod
539 2274 564 2304 Ρ
578 2275 612 2304 in
625 2274 727 2306 medio
738 2276 829 2316 justae
844 2276 976 2307 densita-

149 2313 189 2343 tis
202 2313 344 2352 spiralem
359 2314 444 2345 illam
458 2315 700 2356 logarithmicam
719 2318 876 2355 describat,
899 2318 976 2349 dum

151 2365 263 2393 corpus
288 2356 372 2386 aliud
397 2357 430 2392 Q
449 2356 482 2386 in
497 2358 559 2388 alio
572 2358 675 2389 medio
689 2359 832 2390 describit
850 2370 976 2391 curvam

152 2397 183 2427 A
200 2397 279 2433 E„B
299 2398 325 2428 F
341 2399 368 2429 C
386 2399 500 2429 Setin
515 2399 775 2432 iisdemaoentro
791 2401 977 2433 Sdistantiis

150 2438 315 2470 densitates
328 2440 460 2472 duorum
475 2441 648 2472 mediorum
669 2450 760 2474 erunt
781 2444 814 2473 in
835 2443 908 2474 data
928 2454 976 2475 ra-

148 2481 242 2518 tione,
263 2492 335 2512 cum
349 2483 382 2514 in
396 2489 526 2523 utroque
539 2484 642 2515 medio
655 2486 694 2515 sit
710 2487 780 2527 (per
794 2486 882 2526 Hyp.
903 2487 974 2517 Cor.

137 2523 283 2563 ‚hujuset
295 2534 350 2563 per
367 2525 460 2563 Prop.
480 2526 574 2565 XV.)
596 2526 729 2557 densitas
742 2528 774 2557 in
790 2527 859 2558 loco
882 2529 912 2558 A
935 2529 976 2559 ad

148 2564 326 2596 densitatem
350 2566 383 2596 in
405 2567 473 2597 loco
489 2567 529 2604 B,
552 2574 589 2598 ut
606 2569 628 2599 S
644 2570 673 2600 Β
689 2569 729 2599 ad
746 2570 768 2600 S
785 2570 826 2600 A.
876 2571 976 2601 Simili

148 2607 241 2637 modo
265 2608 437 2639 velocitates
461 2619 623 2648 corporum
647 2611 676 2641 P
697 2617 728 2642 et
752 2612 830 2647 Qin
843 2611 912 2642 loco
935 2613 973 2649 B,

147 2654 238 2679 erunt
261 2650 294 2679 in
314 2650 495 2680 eorumdem
516 2651 688 2684 velocitates
702 2653 735 2683 in
749 2654 818 2684 loco
841 2654 884 2690 A,
908 2656 977 2696 (per

149 2689 244 2729 Prop.
265 2692 343 2722 XV.
366 2698 398 2723 et
419 2693 506 2733 Hyp.
529 2694 631 2726 Corol.
651 2695 760 2736 hujus)
788 2694 921 2736 ideoque
941 2697 975 2727 in

146 2731 218 2762 dati
233 2733 369 2771 ratione;
384 2734 462 2764 vires
476 2741 580 2766 autem
591 2739 767 2776 centripetae
781 2738 894 2778 quibus
907 2749 975 2769 cor-

145 2783 222 2811 pora
244 2775 273 2805 P
286 2781 318 2805 et
334 2776 369 2811 Q
385 2782 544 2817 urgentur,
571 2785 644 2809 sunt
663 2780 697 2809 in
718 2786 849 2820 utroque
869 2781 973 2812 medio

144 2815 252 2846 iisdem
267 2817 300 2846 in
314 2816 390 2847 locis
402 2818 519 2849 eaedem
534 2820 604 2860 (per
619 2821 707 2861 Hyp.
713 2821 737 2860 )‚
753 2828 785 2852 et
798 2822 921 2852 tandem
932 2825 972 2854 ob

144 2858 275 2897 angulos
299 2858 387 2890 datos
407 2870 486 2900 quos
512 2867 577 2892 tam
604 2863 724 2901 spir-alis
752 2863 972 2904 logaritbmica,

143 2899 237 2939 quam
258 2910 351 2931 curva
378 2903 408 2932 A
426 2903 455 2932 E
474 2903 503 2933 B
530 2906 667 2935 continet
687 2915 760 2935 cum
783 2906 869 2937 radio
893 2907 923 2937 A
942 2908 974 2945 S,

143 2941 324 2972 directiones
343 2949 485 2974 motuum
501 2944 534 2975 in
549 2946 680 2986 utraque
694 2947 789 2977 curvi
802 2958 889 2987 pares
902 2956 976 2980 sunt

141 2982 175 3012 in
190 2983 266 3013 locis
284 2985 313 3014 A
328 2990 361 3014 et
376 2985 404 3015 B
417 2997 428 3023 ;
452 2986 546 3026 quare
559 2994 720 3029 postquam
737 2999 848 3028 corpus
864 2991 898 3026 Q
909 2993 972 3030 pri-

141 3023 196 3055 ma
215 3026 406 3057 revolutione
423 3029 454 3058 A
466 3028 497 3059 E
515 3029 544 3059 Β
559 3031 707 3068 absoluta,
730 3032 869 3071 pervenit
881 3033 915 3063 in
931 3034 971 3071 B,

1026 1180 1082 1209 per
1105 1169 1189 1211 quod
1213 1176 1366 1210 punctum
1385 1171 1494 1201 transit
1514 1170 1607 1201 etiam
1628 1170 1746 1210 spir-alis
1767 1170 1853 1212 loga-
1879 1188 1884 1195 ·

1026 1213 1177 1249 rithmica,
1193 1213 1300 1243 eodem
1314 1212 1407 1243 modo
1421 1213 1640 1243 determinatur
1653 1212 1692 1242 ad
1703 1213 1853 1243 aemulan-

1028 1254 1104 1284 dum
1117 1261 1237 1284 motum
1252 1255 1386 1293 corporis
1402 1255 1431 1284 P
1444 1254 1611 1284 secundam
1626 1264 1712 1284 suam
1732 1255 1854 1285 revolu-

1027 1296 1142 1326 tionem
1156 1296 1346 1333 absolventis,
1372 1306 1435 1336 quo
1449 1296 1684 1327 determinatum
1699 1297 1800 1326 fuerat
1819 1297 1854 1327 in

1028 1337 1097 1368 loco
1110 1340 1139 1367 A
1154 1344 1190 1367 ut
1203 1338 1398 1368 aemularetur
1417 1344 1539 1368 motum
1560 1339 1694 1376 corporis
1714 1338 1854 1378 ejusdem

1029 1379 1058 1409 P
1072 1381 1203 1417 primam
1218 1389 1306 1409 suam
1320 1379 1541 1410 revolutionem
1556 1380 1756 1418 perficientis3
1779 1379 1853 1411 cum

1023 1422 1092 1459 (per
1111 1421 1209 1459 dem.)
1232 1421 1337 1451 omnia
1350 1421 1434 1460 paria
1447 1421 1555 1451 sintin
1570 1421 1645 1451 locis
1660 1422 1688 1451 Β
1706 1427 1737 1451 et
1754 1423 1784 1452 A
1804 1422 1852 1452 vi-

1025 1462 1137 1492 delicet
1156 1462 1329 1493 mediorum
1344 1463 1517 1500 densitates,
1532 1473 1694 1501 corporum
1709 1463 1852 1494 velocita-

1024 1510 1079 1540 tes,
1095 1505 1284 1540 directiones,
1307 1504 1445 1544 viresque
1459 1505 1644 1544 centn'petae.
1694 1505 1853 1540 Quoniam

1024 1545 1119 1586 igitur
1143 1546 1277 1576 secunda
1297 1546 1416 1586 spiralis
1430 1547 1650 1587 logarithmicae
1662 1547 1813 1577 revolutio
1833 1559 1853 1578 a

1024 1595 1140 1627 puncto
1158 1589 1186 1619 B
1202 1588 1242 1619 ad
1256 1594 1407 1627 punctum
1431 1590 1458 1619 C
1479 1589 1571 1627 priori
1586 1599 1606 1618 a
1618 1594 1735 1627 puncto
1758 1590 1789 1619 A
1811 1590 1852 1620 ad

1024 1637 1175 1668 punctum
1190 1631 1218 1661 Β
1233 1631 1379 1661 absolutae
1390 1631 1499 1661 similis
1513 1640 1558 1661 est
1571 1630 1676 1672 (150),
1691 1640 1851 1662 necessum
1917 1654 1924 1667 χ

1025 1678 1070 1702 est
1083 1679 1120 1703 ut
1134 1673 1268 1703 secunda
1288 1683 1410 1713 quoque
1430 1683 1533 1703 curvae
1554 1672 1706 1703 revolutio
1732 1674 1761 1703 B
1780 1673 1807 1703 F
1824 1675 1851 1705 C

1022 1714 1115 1754 priori
1138 1716 1169 1745 A
1186 1716 1216 1746 E
1235 1716 1264 1745 B
1279 1715 1319 1745 sit
1331 1715 1459 1753 similis;
1482 1721 1513 1745 et
1527 1714 1619 1744 simili
1633 1714 1728 1745 modo
1748 1721 1851 1745 osten-

1023 1756 1113 1787 detur
1134 1757 1340 1787 revolutiones
1360 1767 1468 1787 omnes
1490 1758 1519 1788 B
1538 1757 1565 1787 F
1581 1758 1617 1792 C,
1637 1758 1664 1788 C
1681 1757 1712 1786 G
1730 1757 1773 1793 D,
1788 1758 1845 1789 &c-
1886 1760 1890 1762 ’

1021 1804 1052 1829 et
1065 1806 1168 1830 motus
1182 1799 1317 1838 corporis
1334 1800 1366 1835 Q
1379 1810 1430 1830 eas
1444 1799 1627 1831 absolventis
1647 1809 1712 1829 esse
1726 1799 1805 1830 inter
1817 1810 1850 1830 se

1021 1842 1144 1872 similes.
1204 1842 1307 1871 Erunt
1336 1842 1432 1882 igitur
1458 1841 1662 1872 revolutiones
1697 1841 1726 1870 A
1751 1841 1781 1871 E
1809 1843 1847 1878 B,

1025 1884 1302 1921 BFC,CGD,
1328 1885 1384 1914 διο.
1410 1890 1446 1913 ut
1467 1883 1544 1913 radii
1570 1884 1647 1916 As,
1674 1883 1847 1925 Bs,cs‚

1020 1926 1076 1956 ἃς.
1095 1925 1127 1956 id
1142 1931 1196 1962 est,
1212 1925 1358 1956 continue
1373 1925 1621 1965 proportionales,
1637 1931 1668 1955 et
1682 1927 1721 1955 ob
1736 1926 1760 1954 si
1766 1925 1849 1955 mili-

1021 1968 1163 1998 tudinem
1192 1974 1335 1998 motuum
1367 1969 1400 1998 in
1428 1968 1581 1998 similibus
1608 1966 1849 1999 revolutionibus

1024 2011 1054 2040 A
1072 2011 1102 2040 E
1120 2011 1161 2047 B,
1186 2010 1215 2040 B
1234 2010 1260 2040 F
1277 2011 1314 2047 C,
1337 2011 1392 2040 διο.
1417 2010 1443 2040 si
1457 2019 1494 2040 ex
1509 2017 1615 2040 centro
1631 2010 1652 2039 S
1667 2009 1780 2039 ductus
1799 2010 1848 2039 in.

1020 2052 1178 2093 telligatur
1201 2052 1304 2082 radius
1323 2052 1531 2082 revolutiones
1552 2052 1620 2081 illas
1640 2061 1746 2082 secans
1758 2051 1791 2081 in
1806 2050 1850 2089 E,

1025 2093 1063 2130 F,
1085 2096 1127 2130 G,
1142 2096 1198 2124 &c-
1211 2104 1281 2134 quae
1295 2101 1386 2124 erunt
1399 2095 1433 2123 in
1447 2093 1689 2124 revolutionibus
1709 2094 1742 2123 A
1758 2093 1788 2123 E
1805 2095 1846 2131 B,

1024 2136 1054 2166 B
1072 2136 1098 2166 F
1116 2137 1152 2173 C,
1168 2137 1223 2166 διο.
1242 2135 1310 2166 loca
1324 2136 1497 2176 homologa,
1513 2135 1570 2165 erit
1583 2135 1726 2165 velocitas
1740 2145 1846 2175 corpo-

1019 2178 1061 2207 ris
1075 2178 1108 2213 Q
1119 2178 1152 2207 in
1168 2178 1235 2207 loco
1252 2177 1281 2206 E
1298 2177 1338 2207 ad
1350 2177 1539 2207 velocitatem
1554 2178 1620 2218 ejus
1631 2178 1663 2206 in
1678 2177 1746 2207 loco
1764 2178 1794 2207 A
1809 2184 1846 2208 ut

1019 2220 1163 2250 velocitas
1186 2219 1220 2248 in
1244 2219 1270 2248 F
1291 2219 1331 2249 ad
1345 2219 1539 2248 velocitatem
1552 2219 1586 2247 in
1603 2219 1643 2255 B,
1667 2225 1698 2249 et
1718 2219 1846 2257 proinde

1019 2261 1162 2291 velocitas
1175 2260 1208 2290 in
1231 2261 1261 2290 E
1277 2260 1315 2290 ad
1330 2261 1520 2290 velocitatem
1534 2260 1568 2290 in
1584 2260 1625 2296 B,
1647 2267 1684 2290 ut
1704 2258 1846 2292 veld'citas

1018 2304 1051 2333 in
1068 2303 1100 2333 A
1114 2303 1154 2333 ad
1165 2302 1357 2333 velocitatem
1367 2302 1401 2332 in
1418 2303 1458 2338 B,
1472 2302 1569 2339 idest,
1586 2304 1655 2342 (per
1664 2302 1751 2342 Hyp.
1769 2303 1841 2334 Cor.

1017 2370 1124 2410 hujus)
1140 2375 1178 2400 ut
1193 2370 1221 2401 B
1236 2370 1258 2400 S
1270 2345 1293 2386 ἑ
1305 2369 1346 2400 ad
1362 2372 1393 2400 A
1409 2371 1430 2401 S
1443 2344 1485 2407 a'};
1508 2369 1563 2400 sed
1582 2375 1719 2408 tempora
1731 2370 1844 2411 quibus

1018 2413 1113 2451 spatia
1126 2413 1291 2452 homologa
1304 2422 1398 2452 quam
1412 2411 1542 2442 minima
1560 2411 1594 2441 in
1614 2412 1688 2442 locis
1711 2412 1741 2442 E
1762 2418 1794 2442 et
1816 2412 1844 2443 F

1018 2455 1232 2485 describuntur
1250 2461 1323 2485 sunt
1336 2460 1373 2485 ut
1386 2455 1483 2493 spatia
1495 2453 1549 2484 illa
1562 2453 1674 2484 directe
1688 2459 1719 2484 et
1731 2454 1843 2484 veloci-

1019 2502 1096 2527 tates
1109 2495 1226 2527 inverse
1241 2496 1312 2538 (12)
1323 2508 1334 2534 ;
1355 2506 1449 2536 quare
1470 2506 1542 2526 cum
1563 2496 1659 2535 spatia
1678 2497 1843 2537 homologa

1018 2539 1051 2568 in
1064 2539 1139 2569 locis
1154 2539 1184 2569 E
1200 2545 1231 2569 et
1247 2538 1275 2569 F
1295 2538 1357 2569 sint
1370 2544 1407 2569 ut
1420 2538 1497 2568 radii
1514 2539 1545 2568 A
1563 2539 1585 2568 S
1599 2544 1630 2568 et
1646 2538 1675 2568 Β
1693 2539 1731 2575 8,·
1747 2544 1844 2569 etve-

1018 2606 1154 2637 locitates
1173 2606 1287 2637 ibidem
1307 2611 1345 2636 ut
1362 2606 1391 2636 A
1410 2606 1432 2637 S
1444 2580 1466 2621 ἦ
1481 2612 1512 2636 et
1529 2606 1557 2636 B
1576 2606 1597 2635 S
1612 2580 1634 2621 ἐ
1648 2605 1768 2637 inverse

1017 2648 1117 2688 dem.)
1143 2655 1265 2687 tempus
1286 2658 1349 2688 quo
1375 2648 1509 2687 spatium
1533 2648 1698 2678 minimum
1721 2608 1842 2679 most:

1017 2690 1110 2721 tionis
1127 2691 1156 2722 A
1169 2691 1198 2721 E
1211 2691 1240 2721 B
1256 2691 1435 2721 describitur
1450 2696 1496 2720 est
1509 2690 1548 2720 ad
1563 2696 1685 2729 tempus
1697 2701 1760 2731 quo
1773 2691 1841 2721 des-

1016 2732 1143 2763 cribitur
1157 2733 1289 2772 spatium
1304 2732 1504 2772 homologum
1517 2731 1715 2762 revolutionis
1734 2733 1842 2763 similis

1017 2774 1841 2837 BFCutAsxAsi‘adB-sxsss’lstd

1017 2873 1072 2903 est,
1087 2873 1124 2898 ut
1140 2868 1171 2898 A
1189 2843 1246 2898 8⁵?
1262 2867 1300 2897 ad
1318 2867 1346 2897 B
1363 2867 1384 2896 S
1394 2842 1430 2904 {2
1445 2866 1575 2908 ideoque
1585 2867 1617 2897 in
1632 2866 1704 2897 daut
1711 2869 1837 2899 ratione.

1023 2909 1114 2940 Unde
1124 2912 1193 2950 (per
1205 2910 1274 2940 Cor.
1289 2909 1378 2939 Lem.
1394 2909 1454 2939 1v.
1469 2909 1538 2940 Lib.
1553 2910 1600 2948 1.)
1610 2916 1731 2949 tempus
1738 2917 1839 2941 totum

1017 2961 1080 2991 quo
1089 2962 1199 2990 corpus
1210 2952 1242 2987 Q
1252 2953 1381 2989 primam
1390 2961 1478 2982 suam
1486 2951 1708 2983 revolutionem
1721 2953 1752 2983 A
1764 2953 1794 2983 E
1808 2953 1838 2983 Β

1014 2994 1143 3023 absolvit
1167 3001 1213 3024 est
1239 2992 1278 3023 ad
1301 2998 1422 3032 tempus
1447 3003 1509 3033 quo
1531 2995 1696 3025 secundam
1716 2994 1839 3025 revolu-

1016 3035 1133 3065 tionem
1166 3036 1196 3066 B
1227 3035 1254 3068 F
1285 3036 1323 3073 C,
1359 3035 1477 3076 perficit
1510 3035 1545 3066 in
1578 3035 1686 3068 eadem
1721 3037 1838 3068 ratione

966 3089 1039 3119 114
