2066 3548
229 211 307 250 158
650 197 1106 244 PHILOSOPHIAE
1135 193 1497 239 NATURAL'IS
1557 194 1704 247 [Mow.
1727 194 1927 237 eoam.
2057 213 2066 350 ἐ

225 325 338 361 recta
364 317 525 359 infinita
545 314 588 357 Ο
608 314 652 364 Q
670 314 714 355 in
732 312 895 369 punctis
917 310 970 361 Ο,
992 311 1036 360 S,
1060 310 1109 359 P,
1134 309 1189 358 Q,
1221 307 1268 350 ea
1298 307 1403 363 lege,
1439 315 1485 348 ut
1515 306 1567 362 (si
1596 306 1806 363 erigantur
1833 321 1929 361 per·-

223 389 444 446 pendicula
473 387 514 430 O
537 386 594 437 K,
617 380 722 435 S'T,
746 384 782 426 P
803 384 838 434 I,
870 382 914 431 Q
935 382 986 432 E,
1023 389 1245 436 centroque
1267 379 1307 421 Ο
1328 387 1369 421 et
1388 379 1628 434 asymptotis
1666 378 1707 421 Ο
1729 379 1786 428 Κ,
1821 378 1862 421 Ο
1882 378 1928 429 Q

223 460 479 503 describatur
510 455 739 515 hyperbola
770 454 812 495 T
832 453 854 495 I
876 452 919 494 G
940 452 978 495 E
1006 465 1148 493 secans
1176 449 1472 506 perpendicula
1503 450 1532 491 S
1553 445 1607 499 T,
1633 449 1668 491 P
1689 449 1724 500 Ι,
1748 449 1792 499 Q
1813 449 1851 492 E
1879 449 1926 491 in

227 531 281 582 T,
324 531 345 572 I
381 538 422 572 et
454 529 504 580 E,
545 537 586 570 et
623 542 699 583 per

224 610 425 659 punctum
434 602 455 644 Ι
463 609 609 658 agatur
619 600 702 642 KF

225 674 422 731 parallela
469 680 701 730 asymptoto

227 747 702 800 Orocurrensasymp·

225 825 313 858 toto
347 814 388 858 O
421 814 463 857 K
494 815 536 855 in
574 814 629 864 K,
661 822 703 855 et

227 886 531 944 perpendiculis
555 886 584 927 S
601 885 642 926 T
661 893 704 926 et

227 960 270 1010 Q
285 960 322 1001 E
341 959 385 1000 in
406 959 445 1000 L
457 967 499 1000 et
516 959 567 1010 F)
580 958 703 999 fuerit

225 1047 320 1073 area
339 1030 605 1087 hyperbolica
627 1030 662 1071 P
678 1029 701 1070 Ι

229 1103 267 1145 Ε
289 1104 332 1152 Q
367 1102 420 1143 ad
452 1116 587 1143 aream
624 1100 701 1156 hy·-

224 1174 475 1230 perbolicam
508 1173 543 1214 P
564 1172 585 1213 Ι
607 1172 648 1213 T
671 1173 700 1214 S

225 1253 271 1287 ut
290 1259 408 1286 arcus
427 1244 463 1285 B
479 1244 515 1285 C
531 1244 700 1285 descen-

225 1331 274 1357 su
305 1315 488 1369 corporis
519 1314 700 1370 descrip-

225 1394 291 1428 tus
333 1385 386 1426 ad
426 1400 566 1427 arcum
607 1385 643 1427 C
677 1402 702 1427 a

227 1472 398 1499 ascensu
437 1457 699 1511 descriptum,

227 1537 269 1570 et
297 1542 392 1569 area
422 1528 444 1569 Ι
466 1527 504 1569 Ε
527 1527 562 1568 F
589 1528 641 1568 ad
661 1543 705 1568 a·

229 1613 343 1640 ream
373 1599 394 1639 I
416 1598 454 1639 L
471 1598 511 1639 T
532 1605 577 1638 ut
598 1597 638 1639 Ο
661 1597 704 1646 Q

229 1671 283 1712 ad
304 1670 345 1712 O
368 1670 410 1711 S.
472 1669 584 1711 Dein
609 1683 704 1723 per-

228 1745 450 1801 pendiculo
485 1743 536 1785 M
560 1744 602 1784 N
633 1743 707 1784 ab-.

230 1813 440 1855 scindatur
447 1827 542 1853 area
553 1811 704 1868 hyper-

229 1883 364 1924 bolica
386 1882 423 1924 P
443 1882 464 1923 I
487 1882 528 1922 N
545 1881 597 1922 M
614 1896 706 1936 quae

231 1955 284 1995 sit
307 1954 360 1995 ad
390 1968 527 1995 aream
556 1953 707 2009 hyper>-

230 2025 407 2067 bolicam
438 2025 472 2066 P
494 2025 515 2066 I
532 2024 570 2067 E
588 2024 630 2073 Q
659 2032 705 2066 ut

231 2107 349 2150 arcus
373 2096 408 2137 C
431 2095 465 2137 Z
485 2095 538 2136 ad
569 2109 710 2136 arcum

235 2168 313 2210 BC
320 2168 518 2209 descensu
527 2167 711 2223 descrip-

231 2249 333 2282 tum.
394 2240 450 2281 Et
470 2240 502 2281 si
522 2242 818 2296 perpendiculo
851 2244 891 2286 R
914 2245 956 2287 G
985 2244 1250 2286 abscindatur
1284 2256 1380 2284 area
1415 2240 1683 2298 hyperbolica
1713 2240 1750 2281 P
1771 2240 1793 2283 I
1814 2239 1858 2282 G
1879 2239 1933 2290 R,
1955 2248 1960 2290 ζ

232 2328 325 2369 quae
347 2313 397 2354 sit
417 2313 471 2354 ad
490 2329 628 2355 aream
652 2316 687 2358 P
708 2317 729 2358 I
752 2317 790 2359 E
812 2318 855 2367 Q
874 2326 920 2359 ut
940 2332 1058 2360 arcus
1079 2316 1251 2373 quilibet
1274 2315 1308 2356 C
1325 2315 1369 2357 D
1390 2314 1443 2355 ad
1462 2327 1603 2355 arcum
1625 2312 1663 2354 B
1681 2312 1717 2353 C
1737 2311 1936 2353 descensu
1954 2350 1961 2384 ἰ

1789 2381 1881 2423 OR
1955 2385 1960 2390 ⁴

232 2418 319 2453 toto
340 2410 614 2465 descriptum3
637 2412 713 2454 erit
732 2413 960 2456 resistentia
979 2413 1022 2454 in
1042 2412 1135 2454 loco
1155 2413 1200 2454 D
1221 2411 1274 2454 ad
1293 2411 1375 2452 vim
1394 2407 1617 2468 gravitatis,
1626 2416 1673 2450 ut
1685 2422 1780 2450 area
1794 2439 1880 2446 --
1894 2432 1928 2466 χ

1784 2449 1891 2501 OQ

235 2525 1117 2570 IEF—IGHadareamPINM.

292 2597 402 2638 Nam
423 2595 517 2638 cum
535 2597 642 2640 vires
663 2613 688 2638 a
706 2599 906 2655 gravitate
926 2597 1114 2639 oriundae
1144 2595 1292 2652 quibus
1321 2609 1471 2650 corpus
1492 2595 1534 2635 in
1554 2593 1653 2635 locis
1685 2593 1732 2644 Z,
1755 2592 1807 2643 Β,
1825 2591 1888 2642 D,
1911 2606 1938 2633 a

235 2678 418 2727 urgetur,
456 2669 506 2725 (¹¹)
528 2670 610 2711 sint
637 2677 684 2711 ut
711 2685 830 2712 arcus
863 2671 899 2712 C
922 2671 968 2720 Z,
1003 2671 1039 2712 C
1062 2670 1112 2720 B,
1138 2669 1174 2711 C
1196 2669 1254 2718 D,
1279 2667 1314 2709 C
1335 2683 1372 2718 a,
1406 2666 1448 2721 (¹)
1471 2674 1512 2707 et
1540 2680 1658 2707 arcus
1689 2665 1748 2706 illi
1778 2664 1860 2705 sint
1888 2670 1938 2704 ut

238 2756 343 2782 areae
365 2741 400 2782 P
417 2741 438 2782 I
460 2741 503 2782 N
525 2740 590 2791 M,
615 2739 651 2782 P
671 2740 693 2782 I
714 2741 752 2782 E
774 2740 829 2791 Q,
854 2741 890 2782 P
911 2741 933 2782 I
956 2741 998 2782 G
1021 2741 1074 2790 R,
1099 2740 1135 2781 P
1156 2739 1178 2781 I
1200 2738 1241 2780 T
1263 2739 1315 2788 S3
1335 2745 1596 2792 exponantur
1611 2745 1699 2777 tum
1719 2749 1838 2777 arcus
1850 2741 1940 2776 tum

235 2813 341 2855 vires
360 2828 435 2870 per
448 2814 523 2855 has
544 2829 658 2856 areas
678 2812 914 2869 respective.
978 2813 1039 2855 Sit
1058 2813 1229 2867 insuper
1248 2811 1292 2853 D
1313 2810 1341 2852 d
1362 2810 1540 2865 spatium
1569 2807 1694 2865 quam
1722 2807 1939 2848 minimum

238 2899 263 2926 a
282 2882 454 2942 corpore
478 2887 751 2942 descendente
771 2886 1033 2941 descriptum,
1071 2893 1112 2927 et
1141 2870 1372 2940 exponatur
1399 2882 1507 2923 idem
1538 2895 1614 2936 per
1650 2893 1788 2921 aream
1817 2892 1940 2935 quam

284 3012 331 3054 (¹²)
349 3016 366 3034 ⁸‘
383 3016 450 3046 Sint
464 3021 498 3046 ut
519 3026 618 3053 arcus,
645 3015 701 3046 &c.
730 3024 784 3055 per
808 3014 1014 3046 demonstrata
1033 3012 1066 3043 in
1155 2993 1193 3054 (Ι)
1211 3014 1229 3033 ⁸*
1246 3013 1290 3044 Et
1313 3021 1401 3043 arcus
1415 3011 1459 3042 illi
1474 3011 1533 3042 sint
1548 3016 1585 3043 ut
1599 3019 1686 3047 areoe,
1707 3017 1763 3049 per
1782 3010 1941 3040 omnitue-
2054 3002 2066 3049 j

246 3054 339 3095 Prop.
359 3056 418 3086 LI.
437 3062 468 3087 et
484 3057 555 3088 Cor.
575 3062 603 3088 2.
625 3058 718 3097 Prop.
738 3057 817 3088 LII.
837 3057 905 3088 Lib.
927 3056 954 3087 1.
1111 3054 1236 3086 tionem.
2053 3050 2057 3061 ⁶
