2066 3548
168 263 316 307 Lim-:R
337 265 554 317 Sirenum]
601 264 920 307 PRINCIPIA
952 263 1446 308 MATHEMATICA.
1783 269 1866 306 243

908 475 1116 517 Scholz'um.

217 585 279 630 Ut
304 586 553 629 resistentias
586 586 809 628 fluidorum
846 586 1136 643 investigarem
1168 600 1244 641 per
1285 587 1580 642 experimenta,
1619 587 1762 643 paravi
1796 602 1865 629 vas
1910 612 1913 640 t

156 657 341 716 ligneum
369 659 635 717 quadratum,
662 658 922 716 longitudine
951 667 992 700 et
1020 658 1238 707 latitudine
1268 647 1429 699 internfi
1463 658 1689 715 digitorum
1716 673 1866 701 novem

124 725 127 728 Α
158 729 202 786 (f)
223 730 340 785 pedis
360 730 653 781 Londinensis,
683 729 965 785 profunditate
993 729 1148 784 pedum
1167 744 1318 770 novem
1338 744 1433 770 cum
1460 730 1641 780 semisse,
1674 730 1866 787 idemque

157 800 324 856 implevi
343 800 450 856 aquei
469 800 639 856 pluviali
650 817 661 850 3
683 809 724 842 et
737 801 873 858 globis
893 815 948 842 ex
967 799 1062 842 cerfi
1082 808 1124 842 et
1142 800 1314 856 plumbo
1334 800 1493 842 incluso
1508 800 1704 852 formatis,
1726 802 1866 842 notavi

157 879 344 926 tempora
363 871 586 913 descensus
606 872 850 929 globorum,
864 871 1066 914 existente
1077 871 1299 913 descensus
1313 870 1527 912 altitudine
1544 877 1562 911 1
1574 877 1624 912 12
1638 871 1865 928 digitorum

155 943 286 998 pedis.
346 944 426 985 Pes
446 943 601 985 solidus
622 944 790 985 cubicus
811 943 1089 985 Londinensis
1111 944 1294 986 continet
1310 948 1363 988 76
1378 943 1504 985 libras
1523 944 1732 986 Romanas
1748 960 1865 1000 aquae

155 1014 360 1070 pluvialis,
394 1023 436 1056 et
463 1015 582 1070 pedis
613 1015 737 1071 hujus
772 1015 926 1071 digitus
953 1014 1108 1056 solidus
1136 1015 1320 1056 continet
1348 1014 1402 1067 ἐξ
1430 1015 1575 1056 uncias
1600 1014 1719 1056 librae
1744 1015 1865 1070 hujus

154 1086 208 1141 (g)
230 1100 303 1127 seu
321 1100 451 1142 grana
471 1088 605 1138 25333
627 1095 668 1127 et
677 1085 828 1142 globus
843 1100 997 1141 aqueus
1014 1086 1215 1127 diametro
1234 1085 1352 1142 digiti
1372 1085 1494 1126 unius
1516 1085 1747 1140 descriptus
1767 1100 1865 1127 con-

154 1158 258 1200 tinet
285 1173 416 1216 grana
438 1164 533 1210 132,
552 1164 635 1201 645
656 1159 699 1199 in
717 1157 857 1199 medio
876 1158 997 1208 aeris,
1034 1156 1086 1213 (¹²)
1108 1157 1173 1199 vel
1196 1172 1327 1214 grana
1350 1162 1445 1207 132,
1464 1163 1489 1199 8
1510 1157 1554 1197 in
1573 1172 1704 1199 vacuo
1715 1173 1727 1207 ;
1759 1158 1803 1213 (¹)
1825 1167 1866 1200 et

155 1229 303 1285 globus
324 1231 496 1286 quilibet
516 1230 619 1272 alius
639 1237 701 1272 est
721 1237 767 1271 ut
786 1243 980 1272 excessus
999 1228 1197 1284 ponderis
1217 1229 1305 1284 ejus
1324 1228 1368 1270 in
1388 1242 1519 1270 vacuo
1549 1242 1674 1283 supra
1700 1229 1864 1284 pondus

154 1300 244 1356 ejus
263 1300 307 1341 in
327 1299 446 1357 aqua.

209 1376 363 1428 Exper.
389 1379 426 1415 1.
459 1373 634 1424 Globus,
657 1373 773 1428 cujus
792 1372 956 1427 pondus
977 1378 1068 1414 erat
1091 1372 1200 1424 156}
1218 1384 1445 1427 granorum
1464 1370 1514 1430 in
1527 1372 1622 1413 ae're
1642 1379 1684 1413 et
1698 1376 1750 1416 77
1767 1386 1862 1429 gra-

153 1458 304 1485 norum
332 1444 377 1484 in
405 1442 525 1499 aqua,
562 1442 820 1485 altitudinem
847 1449 979 1484 totam
1008 1441 1235 1497 digitorum
1272 1445 1352 1482 112
1388 1447 1577 1495 tempore
1610 1441 1864 1483 minutorum

153 1523 330 1572 quatuor
349 1515 625 1557 secundorum
645 1514 872 1570 descripsit.
934 1514 992 1556 Et
1010 1513 1296 1568 experimento
1316 1514 1506 1568 repetito,
1537 1513 1687 1571 globus
1713 1514 1864 1556 iterum

154 1588 304 1630 cecidit
323 1587 473 1629 eodem
491 1595 679 1642 tempore
697 1588 954 1629 minutorum
974 1594 1152 1643 quatuor
1172 1587 1461 1629 secundorum.

189 1712 192 1715 Ι
214 1658 264 1715 (¹¹)
289 1658 460 1701 Pondus
491 1659 606 1716 globi
633 1659 678 1700 in
706 1674 838 1701 vacuo
857 1666 920 1700 est
941 1658 1076 1711 1564}
1095 1673 1212 1716 gran.
1236 1666 1278 1700 et
1297 1673 1488 1701 excessus
1516 1659 1639 1715 hujus
1666 1659 1863 1714 ponderis

157 1746 282 1787 supra
300 1730 463 1785 pondus
482 1731 595 1787 globi
614 1731 659 1772 in
678 1731 784 1788 aquai
805 1739 867 1774 est
887 1731 995 1785 793}
1013 1746 1132 1789 gran.
1192 1731 1236 1787 (¹)
1260 1731 1386 1774 Unde
1405 1731 1545 1786 prodit
1563 1732 1680 1789 globi
1699 1732 1855 1774 diame-

158 1811 222 1846 ter
240 1811 281 1855 0,
297 1808 436 1846 84224
465 1805 646 1860 partium
671 1804 803 1862 digiti.
864 1804 942 1847 Est
960 1812 1097 1847 autem
1116 1814 1163 1846 ut
1182 1818 1374 1846 excessus
1393 1803 1463 1845 ille
1482 1804 1536 1845 ad
1554 1804 1718 1859 pondus
1746 1804 1862 1862 globi

199 1949 241 1992 (ί)
264 1952 282 1970 *
311 1952 402 1982 Pedis
430 1952 655 1984 Lomzinemis..
694 1951 755 1983 Pes
778 1951 986 1982 Londinensis

157 1998 204 2021 est
217 1990 257 2022 ad
271 1992 381 2031 pedem
398 1993 603 2025 Parisiensem
616 2000 654 2025 ut
669 1997 708 2025 15
723 1994 764 2024 ad
781 1997 820 2025 16
828 2006 839 2031 ;
855 1999 986 2035 uterque

155 2033 190 2063 in
204 2033 317 2074 digitos
334 2038 380 2070 12,
397 2041 428 2065 et
441 2035 558 2076 digitus
571 2035 605 2065 in
622 2039 661 2066 12
675 2036 772 2066 lineas
785 2035 940 2066 dividitur.

201 2075 246 2118 (Β)
263 2077 281 2095 ⁸*
297 2078 357 2107 Seu
375 2088 486 2116 grana.
533 2077 630 2108 Libra
653 2077 798 2108 Romana
812 2077 919 2108 uncias
935 2081 984 2115 12,

155 2117 251 2148 uncia
265 2121 337 2148 480.
355 2128 451 2159 grana
464 2119 609 2150 continet.

199 2159 248 2202 (¹¹)
266 2161 338 2191 287.
366 2164 383 2180 ·
408 2162 461 2191 Vel
471 2172 574 2200 grana
593 2164 663 2199 132,
679 2164 699 2192 8
713 2163 747 2193 in
763 2172 867 2193 vacuo.
909 2161 986 2192 Cor-

154 2212 215 2242 pus
229 2202 387 2243 quodlibet
400 2202 544 2242 ponderis
559 2203 607 2234 sui
621 2210 738 2244 partem
753 2203 866 2234 amittit
874 2203 907 2233 in
917 2203 986 2233 a’elre

84 2245 94 2251 ”
154 2244 305 2285 aequalem
319 2241 448 2284 pdnderi
467 2245 549 2285 paris
568 2246 736 2277 voluminis
755 2246 851 2283 aeti&
876 2255 984 2284 corpo-

154 2296 226 2317 rum
248 2297 320 2317 vero
341 2287 477 2327 pondera
490 2288 630 2319 absoluta
643 2289 700 2318 sub
715 2289 839 2327 paribus
852 2287 984 2318 volumi-

154 2329 247 2360 nibus
261 2335 334 2360 sunt
347 2335 383 2360 ut
397 2340 504 2361 eorum
515 2330 688 2368 densitates,
701 2336 733 2361 et
742 2330 876 2361 densitas
885 2340 983 2370 aquae,

150 2371 242 2412 juxta
257 2372 457 2409 Newtonum,
472 2379 519 2404 est
532 2372 573 2403 ad
587 2372 767 2404 densitatem
781 2373 860 2403 aeris
873 2378 911 2403 ut
922 2376 984 2403 860

155 2413 196 2444 ad
213 2418 240 2445 1.
288 2415 404 2452 Quare,
430 2424 503 2445 cum
524 2415 608 2456 globi
622 2415 712 2456 aquei
726 2414 848 2454 pondus
861 2414 895 2445 in
915 2415 984 2445 αέα-ε

155 2466 265 2495 parum
287 2456 408 2488 differat
432 2458 471 2488 ab
498 2457 637 2498 ejusdem
661 2457 795 2498 pondere
819 2457 851 2487 in
877 2467 982 2493 vacuo,

155 2498 322 2529 dicendum
344 2507 398 2535 est,
425 2505 462 2531 ut
485 2503 548 2531 860
570 2499 611 2531 ad
634 2503 662 2535 1,
692 2500 736 2531 ita
755 2499 878 2539 pondus
899 2499 984 2540 globi

156 2541 246 2581 aquei
267 2551 434 2581 granorum
460 2545 532 2579 182,
559 2545 621 2574 645
642 2542 682 2573 ad
709 2542 833 2582 pondus
860 2541 985 2582 aequalis

158 2582 243 2622 globi
256 2584 343 2621 a'eris,
364 2584 448 2625 quod
461 2584 590 2624 proinde
603 2585 661 2615 erit
674 2594 842 2626 granorum
855 2589 888 2621 Ο,
903 2587 983 2615 1543

156 2635 251 2665 quam
273 2626 420 2664 proxime.
469 2626 616 2658 Addatur
635 2628 758 2667 pondus
777 2628 836 2657 hoc
857 2626 985 2666 ponderi

156 2676 326 2708 granorum
341 2672 412 2706 132,
428 2673 502 2707 645,
523 2676 555 2700 et
568 2680 690 2700 summa
703 2679 790 2711 grau.
813 2673 880 2703 132,
893 2672 983 2704 7993,

157 2719 212 2740 seu
227 2719 313 2750 gran.
335 2713 404 2748 182,
415 2715 433 2742 8
449 2712 506 2742 erit
518 2712 641 2751 pondus
651 2711 790 2751 praedicti
800 2711 884 2752 globi
898 2721 986 2752 aquae

156 2751 190 2781 in
212 2761 310 2782 vacuo
322 2762 415 2793 quam
433 2753 583 2794 proxime.
631 2755 717 2785 Dato
737 2754 832 2794 igitur
852 2753 987 2793 pondere

157 2793 242 2834 globi
264 2794 427 2835 cujuslibet
450 2796 540 2838 aquei
564 2797 599 2827 in
627 2797 706 2832 ae're,
734 2795 891 2826 invenitur
918 2796 986 2837 ejus

157 2835 280 2875 pondus
290 2836 324 2866 in
337 2847 443 2875 vacuo,
459 2839 486 2868 si
495 2838 623 2878 ponderi
638 2838 710 2869 dato
721 2838 852 2869 addatur
859 2838 892 2868 id
902 2837 986 2878 quod

156 2877 358 2951 {theditvisione
371 2879 510 2921 ejusdem
522 2881 666 2921 ponderis
678 2891 734 2921 per
747 2890 912 2911 numerum
924 2884 987 2912 860

249 2930 297 2952 ur.

200 2977 241 3018 (ἱ)
265 2981 337 3008 288.
370 2980 388 2999 ⁴
411 2981 458 3011 Et
479 2981 582 3020 globus
606 2982 737 3022 quilibet,
761 2981 817 3011 διο.
867 2980 988 3011 Globus

156 3020 284 3092 auilibet
306 3020 337 3050 Ε
360 3026 406 3051 est
425 3021 465 3052 ad
484 3022 613 3062 globum
633 3032 767 3064 aqueum
790 3023 817 3053 C
839 3021 989 3053 diametro

179 3062 246 3103 igiti
271 3062 367 3092 unius
391 3062 587 3103 descriptum,
616 3071 654 3096 ut
679 3075 820 3096 excessus
846 3064 989 3104 ponderis

156 3104 241 3145 globi
257 3105 286 3136 E
302 3104 334 3135 in
348 3114 446 3137 vacuo
466 3115 557 3147 supra
571 3107 694 3148 pondus
707 3107 775 3149 ejus
789 3107 822 3137 in
836 3117 926 3149 aqua,
949 3107 990 3138 ad

1026 1951 1149 1990 pondus
1169 1959 1337 1989 granorum
1355 1953 1424 1986 182,
1436 1953 1465 1980 8.
1513 1949 1598 1980 Nam
1619 1959 1760 1980 excessus
1780 1958 1860 1988 pon-

1027 1993 1108 2023 deris
1122 1993 1207 2033 globi
1223 1992 1254 2023 Ε
1269 1991 1303 2021 in
1316 2002 1413 2022 vacuo
1426 2001 1519 2030 supra
1527 1991 1650 2029 pondus
1657 1991 1724 2031 ejus
1734 1991 1766 2020 in
1779 1989 1860 2032 aqua

1029 2040 1075 2064 est
1098 2033 1221 2073 pondus
1241 2033 1325 2073 globi
1347 2042 1436 2073 aquae
1457 2033 1595 2073 ejusdem
1616 2043 1690 2064 cum
1710 2032 1804 2074 globo
1828 2033 1858 2064 E

1029 2076 1188 2113 diametri3
1218 2075 1272 2106 sed
1299 2075 1386 2115 globi
1407 2085 1495 2115 equae
1519 2075 1705 2115 homogenei
1729 2081 1803 2105 sunt
1824 2081 1860 2106 ut

1029 2117 1208 2148 eorumdem
1222 2117 1374 2156 pondera:
1401 2123 1447 2147 est
1460 2117 1556 2156 igitur
1571 2117 1683 2158 globus
1696 2117 1724 2147 E
1741 2116 1780 2147 ad
1790 2117 1859 2157 glo-

1028 2161 1104 2190 bum
1128 2159 1155 2190 C
1177 2165 1213 2190 ut
1233 2169 1373 2189 excessus
1397 2158 1541 2198 ponderis
1562 2159 1645 2198 globi
1661 2159 1691 2189 E
1706 2159 1740 2188 in
1761 2169 1859 2189 vacuo

1028 2212 1120 2242 supra
1143 2200 1265 2241 pondus
1285 2201 1353 2242 ejus
1377 2201 1411 2231 in
1431 2210 1520 2240 aqua,
1547 2200 1588 2230 ad
1607 2200 1730 2240 pondus
1753 2204 1824 2239 182,
1837 2205 1857 2232 8

1027 2253 1204 2285 granorum.
1225 2277 1235 2286 .

1071 2295 1118 2338 (k)
1136 2298 1153 2315 ¹
1171 2297 1300 2328 Pondus
1318 2292 1397 2334 globi
1410 2296 1443 2326 in
1459 2306 1554 2327 vacuo
1570 2301 1614 2326 est
1630 2286 1744 2338 15631νῇ
1762 2305 1853 2334 gran·

1031 2338 1063 2369 si
1085 2338 1168 2368 enim
1189 2348 1229 2368 ex
1249 2337 1384 2376 pondere
1407 2337 1492 2377 globi
1512 2338 1547 2367 in
1572 2338 1640 2368 a'ete
1661 2347 1750 2377 gran.
1776 2335 1858 2379 1562}

1026 2379 1215 2411 subducatur
1234 2379 1357 2419 pondus
1370 2379 1437 2419 ejus
1450 2379 1482 2409 in
1498 2391 1587 2420 aqua,
1609 2379 1694 2420 quod
1707 2386 1753 2410 est
1767 2388 1854 2419 gran.

1027 2426 1077 2457 77,
1105 2422 1263 2453 residuum
1284 2422 1342 2452 erit
1362 2422 1485 2461 pondus
1505 2422 1589 2462 globi
1610 2432 1699 2462 aquae
1719 2420 1857 2462 ejusdem

1026 2465 1192 2496 voluminis
1212 2470 1299 2505 gran'.
1319 2464 1402 2506 79J4=3
1425 2470 1456 2494 et
1468 2470 1628 2504 propterea
1643 2463 1736 2505 (287)
1752 2469 1790 2494 ut
1802 2464 1856 2494 ha-

1025 2509 1134 2540 beatur
1161 2506 1284 2547 pondus
1307 2506 1391 2548 globi
1415 2506 1450 2536 in
1474 2517 1579 2542 vacuo,
1610 2506 1739 2545 ponderi
1766 2515 1853 2547 gran.

1029 2575 1112 2617 156}
1123 2574 1302 2606 addendum
1316 2580 1361 2605 est
1374 2573 1496 2615 pondus
1505 2584 1592 2615 gran.
1607 2547 1682 2631 ἐξ,
1705 2579 1736 2605 et
1754 2573 1858 2614 prodit

1028 2653 1150 2694 pondus
1163 2652 1247 2694 globi
1261 2652 1294 2683 in
1309 2662 1406 2684 vacuo
1415 2663 1504 2694 gran.
1523 2643 1636 2695 1563}
1651 2662 1744 2693 quam
1754 2651 1856 2693 proxi-

1027 2695 1114 2780 ¹¹²&(l)
1138 2741 1155 2759 ⁸⁸
1186 2741 1273 2770 Unde
1291 2740 1395 2778 prodit
1414 2739 1493 2778 globi
1516 2739 1672 2775 diameter,
1695 2738 1752 2768 διο.
1799 2737 1860 2769 Est

1029 2781 1113 2813 enim
1137 2781 1229 2823 (288)
1254 2780 1376 2820 pondus
1397 2790 1484 2821 gran.
1512 2783 1581 2816 182,
1593 2783 1612 2810 8
1633 2780 1674 2811 ad
1698 2789 1856 2811 excessum

1029 2825 1134 2876 Ἰθᾷνξ,
1151 2840 1186 2865 ut
1201 2834 1311 2874 globus
1324 2834 1473 2864 diametro
1481 2833 1569 2874 digiti
1583 2834 1678 2864 unius
1691 2834 1861 2873 descriptus

1031 2875 1073 2906 ad
1096 2877 1225 2916 globum
1247 2876 1430 2916 quaesitum;
1460 2876 1590 2917 ideoque
1612 2883 1650 2907 ut
1678 2876 1818 2907 diametri
1842 2879 1857 2908 l

1031 2917 1122 2959 digiti
1136 2920 1235 2949 cubus
1258 2922 1272 2949 l
1289 2918 1329 2948 ad
1344 2917 1483 2949 diametri
1496 2918 1583 2960 globi
1597 2919 1717 2960 quaesiti
1731 2921 1858 2956 cubum,

1351 2961 1445 3053 ,ΕΞ-Ξ
1469 2995 1603 3035 partium
1631 2995 1721 3037 digiti
1748 2995 1857 3027 cubici.

1034 3065 1146 3106 Hujus
1159 3063 1315 3095 fractionis
1329 3045 1423 3095 radix,
1430 3065 1546 3099 cubica,
1570 3075 1626 3095 seu
1647 3065 1731 3106 globi
1746 3064 1862 3095 diame-

1032 3114 1089 3146 ter,
1105 3114 1151 3138 est
1163 3111 1195 3145 O,
1209 3110 1312 3138 84224
1327 3107 1461 3147 partium
1476 3107 1565 3149 digiti
1578 3117 1673 3148 quam
1683 3105 1832 3148 proxime.

1032 2995 1086 3036 qui
1114 2995 1242 3036 proinde
1269 2995 1327 3026 erit

977 3165 1044 3201 Q2
