2066 3548
132 272 280 315 Lmen
293 271 511 323 smum]
530 249 874 312 'PRINCIPIA
905 268 1397 314 MATHEMATICA.
1754 279 1838 315 309

194 390 325 431 Corol.
350 393 368 428 1
380 393 418 429 l.
451 387 496 430 Si
516 402 586 428 vas
606 395 647 429 et
666 386 836 428 fluidum
859 387 1070 442 quiescant
1089 394 1131 428 et
1148 387 1297 444 globus
1318 386 1511 428 uniformi
1531 401 1624 428 cum
1640 396 1755 429 motu
1774 402 1840 429 re-

133 460 331 509 volvatur,
353 458 649 515 propagabitur
665 466 803 498 motus
822 450 1020 512 paulatim
1036 451 1114 512 >per
1132 458 1304 499 fluidum
1336 465 1469 499 totum
1498 458 1541 498 in
1571 472 1656 507 vas,
1690 466 1732 499 et
1760 459 1840 499 cir-

131 540 372 589 cumagetur
391 547 461 573 vas
482 531 561 572 nisi
576 531 780 591 'violenter
788 531 1019 581 detentum,
1043 545 1175 586 neque
1188 531 1302 585 prius
1317 530 1508 590 desinent
1521 518 1696 571 fluidum
1711 539 1752 572 et
1766 546 1837 573 vas

131 605 366 662 accelerari,
389 604 512 661 quam
532 604 614 663 sint
633 618 777 645 eorum
797 594 986 658 tempora
1005 594 1215 658 periodica
1234 598 1410 659 aequalia'
1427 602 1683 657 temporibus
1702 603 1838 658 perio-

132 674 234 716 dicis
253 675 379 731 globi.
441 673 569 723 Quod
589 673 624 714 si
644 688 715 714 vas
735 672 775 713 vi
795 672 931 729 aliqua
953 671 1269 729 detineaturl'vel
1289 672 1522 714 revolvatur
1551 680 1667 714 motu
1694 673 1839 729 quovis

131 746 350 799 constanti¹
370 754 412 788 et
441 745 648 796 uniformi,
683 745 874 787 deveniet
902 745 1086 787 medium
1116 744 1314 800 paulatim
1349 744 1404 786 ad
1435 753 1587 786 statum
1624 745 1761 787 motus
1793 746 1837 787 in

134 811 373 877 Corollariis
394 825 433 860 8.
456 824 497 861 9.
521 826 563 859 et
586 823 651 860 10.
673 804 845 868 definiti,
868 833 945 859 nec
965 819 1009 859 in
1029 818 1110 859 alio
1130 832 1312 874 unquam
1334 826 1444 859 statu
1473 833 1721 875 quocunque
1740 834 1839 874 per-

131 891 346 943 severabit.
380 926 384 930 ,
406 891 574 933 Deinde
589 890 703 950 vero
733 891 780 942 si,
813 892 969 933 viribus
989 892 1068 934 illis
1089 892 1341 934 cessantibus
1362 892 1512 949 quibus
1534 908 1603 934 vas
1629 901 1671 935 et
1689 893 1839 951 globus

130 964 251 1006 certis
271 963 451 1017 motibus
472 962 801 1013 revolvebantur,
832 963 1094 1017 permittatur
1123 972 1302 1020 systema
1320 972 1455 1005 totum
1474 963 1638 1021 legibus
1669 963 1837 1005 mecha·

129 1034 254 1083 nicis;
275 1049 346 1089 vas
366 1043 407 1075 et
425 1033 572 1091 globus
593 1034 637 1075 in
657 1048 700 1078 se
719 1033 893 1075 invicem
915 1027 1046 1090 agent
1058 1034 1266 1076 mediante
1276 1035 1420 1086 fluido,
1441 1050 1577 1091 neque
1589 1043 1726 1077 motus
1740 1050 1837 1077 suos

128 1105 172 1145 in
193 1120 238 1149 se
257 1112 401 1147 mutuo
419 1119 495 1161 per
513 1104 687 1149 fluidum
707 1093 939 1162 propagare
957 1105 1074 1159 prius
1094 1106 1326 1157 cessabunt,
1349 1097 1474 1167 quam
1490 1122 1633 1149 eorum
1650 1115 1839 1164 tempora

127 1176 340 1231 periodica
371 1182 590 1236 aequentur
620 1175 731 1237 inter
757 1190 813 1226 se,
847 1183 889 1216 et
918 1170 1097 1231 systema
1121 1169 1258 1218 'totum
1275 1170 1332 1218 'ad
1352 1177 1480 1221 instar
1509 1178 1695 1234 corporis
1716 1179 1838 1221 unius

128 1249 249 1292 solidi
269 1249 392 1293 simul
410 1247 656 1292 revolvatur.
1537 1245 1538 1248 ¹

154 1410 159 1415 .
218 1375 233 1402 Ῑ
268 1360 273 1365 ⁴
304 1404 314 1414 .
423 1372 428 1375 ”
509 1372 517 1377 ’
556 1374 560 1377 ’
600 1376 629 1409 .’
653 1377 673 1410 .’
781 1401 789 1410 .
904 1375 906 1378 ’
950 1379 953 1381 ’
1048 1364 1120 1409 331.
1141 1380 1236 1411 CoroI.
1254 1381 1284 1409 2.
1323 1377 1356 1410 Si
1380 1384 1520 1419 tempora
1543 1377 1698 1419 periodica
1722 1378 1784 1410 sint
1804 1377 1837 1408 in

141 1429 145 1433 .
161 1422 178 1446 2
189 1424 221 1453 4
233 1428 261 1445 m
276 1417 315 1445 u’
349 1407 381 1433 et
394 1407 533 1446 tempora
545 1401 700 1443 periodica
713 1403 850 1434 motibus
862 1412 974 1454 anguj
1004 1420 1125 1458 maone
1144 1420 1357 1462 aesqfflpumffi
1386 1421 1409 1452 3.
1431 1459 1435 1463 ῃ
1478 1422 1593 1453 aarum
1606 1432 1627 1453 a
1640 1427 1756 1458 centro,
1777 1421 1838 1451 hoc

134 1475 156 1515 ἶ
220 1463 236 1483 P
943 1491 948 1493 ’
1099 1499 1108 1506 .
1135 1477 1155 1504 2
1170 1474 1213 1515 -Ι-
1229 1484 1262 1504 m
1284 1484 1307 1504 n
1380 1468 1383 1470 ’
1478 1499 1486 1507 .
1619 1478 1641 1505 4
1657 1474 1702 1516 -Ι-
1720 1477 1740 1504 2
1754 1483 1787 1503 ιιι
1801 1482 1825 1503 ιι

301 1550 309 1558 ⁰
388 1549 400 1561 x
537 1517 629 1558 ‘fi’
799 1522 948 1561 -24mn
1003 1505 1109 1537 «28¹1,ss
1180 1538 1227 1567 >p
1320 1492 1606 1551 ={‚entp=
1669 1531 1729 1558 λδ
1824 1521 1834 1537 ,

126 1551 242 1612 lfmlbm
249 1559 402 1591 roe¹p¹⁰oe
413 1549 659 1616 proport'ondm'
666 1554 739 1580 sunt
748 1555 783 1580 nt
791 1576 814 1618 ¹⁴
879 1574 896 1595 Ρ
949 1572 959 1588 ’
1003 1574 1036 1599 et
1049 1567 1120 1599 ide&
1133 1569 1310 1606 resistentia,
1327 1570 1446 1601 caeteris
1461 1569 1594 1608 paribus,
1617 1577 1654 1600 ut
1669 1567 1838 1599 velocitatis

129 1645 271 1687 neglecta
284 1644 454 1687 ‘immitam
468 1650 627 1675 ”⁰⁹2⁰oe
639 1676 658 1701 2
669 1627 754 1712 -ssm
769 1667 798 1699 u·
843 1644 884 1680 Q·
897 1654 924 1675 e·
935 1644 956 1675 i-
1004 1633 1145 1692 dignitas
1159 1651 1250 1692 eujus
1270 1661 1427 1692 exponens
1447 1657 1494 1682 est
1514 1629 1534 1655 4
1551 1627 1594 1666 ‘l-
1606 1629 1632 1709 -Ξ
1646 1636 1679 1656 m
1695 1636 1726 1681 n.
1774 1649 1837 1681 Sed

142 1736 144 1738 -
169 1718 243 1745 350.
264 1714 358 1745 Corol.
379 1711 410 1743 l.v
443 1713 475 1743 Si
489 1713 668 1750 resistentia,
691 1713 810 1743 caeteris
822 1705 963 1752 paribus}

128 1757 168 1788 sit
182 1764 217 1787 ut
232 1756 383 1791 velocitas
407 1762 438 1785 et
458 1761 597 1794 tempora
617 1754 771 1795 periodica
787 1755 848 1785 sint
863 1754 893 1784 in
910 1765 958 1784 ra.

127 1800 215 1831 tione
238 1797 450 1838 sesquiplicati
471 1797 687 1828 distantiarum
711 1807 730 1828 a
754 1803 869 1832 centro,
900 1798 959 1828 erit

125 1892 203 1922 p=
221 1885 250 1919 1,
265 1887 296 1912 et
310 1855 471 1947 Ξὲῐὲ-ιι
486 1893 533 1910 =
547 1871 584 1923 ᾖ,
598 1878 732 1920 ideoque
746 1857 957 1936 n=—2)÷n,

130 1967 191 1997 Sed
217 1965 290 1997 cum
311 1965 484 1996 resistentia
506 1964 741 2005 proportionalis
768 1970 960 2003 supponatur

127 2009 286 2039 densitatis
294 2007 435 2048 dignitati
446 2008 536 2048 cujus
545 2007 640 2038 index
650 2013 696 2037 est
706 2016 749 2043 m,
765 2011 796 2036 et
804 2013 959 2036 crescente

127 2051 278 2082 densitate
297 2056 420 2085 crescat,
442 2059 566 2080 necesse
580 2054 626 2079 est
638 2054 676 2078 ut
688 2058 721 2078 ιιι
742 2048 783 2077 sit
803 2057 954 2078 numerus
1006 2052 1010 2055 '

125 2093 283 2133 positivus,
291 2102 327 2123 ac
337 2090 466 2132 proinde
477 2102 497 2122 n
505 2101 655 2122 numerus
663 2090 831 2130 negativus.
852 2088 959 2124 Quare

126 2136 269 2170 densitas.
300 2141 337 2165 ut
364 2142 436 2174 pote
463 2132 699 2173 proportionalis
728 2131 871 2171 dignitati
894 2141 914 2161 x
931 2131 957 2167 ¹¹,

127 2185 280 2209 crescente
301 2176 445 2208 distantia
458 2177 490 2207 in
504 2176 664 2216 hypothesi
682 2173 844 2205 Corollarii
864 2174 960 2214 hujus

126 2221 294 2251 decrescet·
343 2211 417 2250 Hoc
437 2225 543 2250 autem
563 2222 725 2257 repugnat.
773 2216 847 2246 Non
861 2223 958 2246 mate-

127 2263 174 2293 ria
198 2262 320 2293 vorticis
342 2262 380 2293 εό
404 2261 527 2292 densior
551 2271 616 2292 esse
640 2259 732 2289 debet
752 2257 815 2298 quo
835 2258 960 2299 longius

127 2305 222 2336 distat
234 2315 253 2335 a
268 2311 382 2336 centro.
432 2304 571 2335 Conatur
583 2301 667 2332 enim
682 2302 810 2331 materia
823 2310 878 2339 per
891 2310 959 2331 mo-

128 2354 198 2379 tum
213 2358 307 2378 suum
322 2346 504 2377 circularem
516 2345 657 2377 recedere
670 2345 709 2374 ab
723 2353 780 2374 axe
793 2343 914 2373 vorticis
928 2349 960 2374 et

128 2389 289 2430 propterea
310 2389 422 2429 premit
441 2388 599 2419 materiam
621 2396 745 2417 omnem
769 2386 957 2423 ulteriorem,

129 2443 260 2473 eamque
281 2431 456 2467 condensat,
478 2431 504 2461 si
525 2429 703 2461 condensari
718 2428 823 2467 possit.
871 2427 957 2458 Prae-

128 2475 212 2506 terea
233 2474 377 2505 velocitas
397 2473 536 2504 absoluta
556 2472 690 2513 partium
705 2470 792 2501 fluidi
807 2470 838 2500 in
855 2481 958 2509 aequa„

129 2523 196 2548 tore
209 2517 333 2548 vorticis
347 2523 393 2547 est
407 2522 443 2546 ut
456 2524 562 2546 earum
577 2514 721 2545 distantia
729 2523 748 2543 a
758 2520 863 2543 centro
873 2513 958 2554 globi

129 2558 246 2591 directe
259 2566 291 2590 et
310 2565 434 2598 tempus
455 2557 644 2597 periodicum
665 2554 793 2592 inverse,
819 2556 880 2586 hoc
901 2561 955 2593 est,

129 2627 162 2659 in
176 2627 338 2669 hypothem'
355 2627 426 2659 Cor.
440 2626 536 2668 hujus
550 2632 587 2657 ut
601 2609 664 2705 {L}
676 2637 722 2654 =
738 2601 806 2691 ῐι-ῑέ,
823 2621 957 2664 ideoque

129 2703 178 2735 vis
198 2703 372 2745 centrifuga
391 2705 526 2744 partium
550 2705 619 2745 (per
635 2706 707 2737 Cor.
727 2703 755 2734 Ι.
777 2704 870 2743 Prop.
890 2702 952 2734 IV.

131 2771 203 2803 Lib.
223 2771 270 2810 Ι.)
295 2771 411 2802 emeris
429 2771 551 2812 paribus
575 2780 621 2804 est
641 2779 678 2803 ut
698 2749 761 2829 ¹¹5,
785 2777 816 2802 et
830 2769 958 2810 proinde

133 2839 283 2871 decrescit
304 2839 338 2869 in
361 2841 479 2871 ratione
504 2839 662 2879 duplicata
682 2840 833 2872 distantiae
847 2846 955 2870 auctae.

138 2882 184 2913 Ut
197 2882 293 2922 igitur
314 2889 418 2913 vortex
434 2883 472 2913 ad
494 2888 607 2913 statum
624 2890 852 2922 permanentem
868 2882 959 2912 redu-

131 2931 229 2959 catur,
252 2930 371 2963 oportet
393 2931 429 2954 ut
442 2932 540 2963 partes
555 2925 711 2956 densiores
726 2937 745 2956 a
758 2932 863 2956 centro
878 2935 960 2955 rece-

132 2965 209 2997 dant
224 2972 255 2996 et
268 2967 398 2996 rariores
418 2966 457 2997 ad
477 2968 557 2999 iilud
572 2969 727 3005 accedant,
751 2978 814 3008 quo
828 2967 873 2997 vis
886 2975 961 2998 cen-¹

130 3008 250 3049 trifuga
265 3010 397 3048 partium
412 3017 518 3040 centro
533 3011 719 3050 propiorum‚
743 3020 813 3051 quae
834 3011 874 3040 ob
894 3019 959 3039 ma-

126 3051 228 3091 jorem
245 3051 434 3081 velocitatem
449 3057 479 3082 et
495 3053 644 3083 minorem
667 3052 843 3083 distantiam
865 3052 962 3083 nimia

132 3099 189 3131 est,
205 3103 260 3133 per
273 3093 424 3124 minorem
439 3094 619 3126 densitatem
633 3095 802 3126 minuatur.

1009 1711 1062 1759 (ex
1077 1719 1160 1751 dem.
1183 1720 1254 1751 Cor.
1275 1719 1321 1759 1.)
1344 1730 1376 1750 m
1391 1726 1422 1751 et
1437 1731 1458 1750 n
1473 1726 1546 1751 sunt
1560 1719 1681 1751 numeri
1702 1717 1834 1759 positivi.

1007 1761 1113 1798 Quare
1127 1769 1265 1802 tempora
1279 1762 1433 1801 periodica
1448 1772 1511 1792 non
1526 1770 1654 1802 possunt
1669 1761 1776 1792 essein
1787 1771 1836 1792 ra-

1001 1804 1085 1835 tione
1109 1804 1323 1845 sesquiplicata
1343 1805 1557 1836 distantiarum
1579 1815 1598 1835 a
1615 1811 1731 1842 centro,
1758 1803 1835 1845 quin

1103 1861 1317 1902 4÷2mn.

1001 1885 1095 1917 index
1291 1892 1332 1918 sit
1340 1886 1456 1918 unitate
1465 1887 1572 1928 major,
1582 1893 1613 1917 et
1621 1886 1696 1928 quin
1705 1884 1835 1926 proind&

1001 1954 1180 1992 resistentia,
1211 1955 1329 1986 caeteris
1353 1956 1487 1994 paribus,
1516 1956 1551 1985 in
1579 1955 1688 1996 majori
1717 1953 1835 1985 ratione

1002 2003 1116 2028 crescat
1128 1997 1223 2038 quam
1237 1998 1271 2028 in
1285 1998 1404 2029 ratione
1418 1997 1585 2028 velocitatis
1598 2004 1707 2028 auctae.

1044 2070 1118 2097 832.
1138 2068 1231 2099 (ἔστ-οἱ.
1250 2071 1280 2098 8.
1308 2068 1341 2098 Si
1355 2067 1488 2106 spatium
1502 2078 1566 2108 quo
1576 2073 1679 2098 vortex
1690 2066 1829 2098 contine-

1001 2114 1053 2139 tur
1067 2108 1106 2139 sit
1119 2109 1235 2149 ubique
1248 2109 1375 2148 plenum
1390 2116 1420 2140 et
1435 2109 1593 2148 propterea
1615 2109 1708 2139 medii
1729 2109 1831 2140 densi-

1002 2157 1048 2181 tas
1061 2150 1226 2181 uniformis
1246 2158 1447 2190 supponatur,
1470 2152 1570 2181 littera
1583 2162 1600 2181 z
1615 2162 1685 2191 quae
1699 2151 1832 2182 densita-

1002 2198 1063 2223 tem
1074 2195 1255 2232 exponebat,
1265 2193 1416 2234 significet
1422 2194 1488 2234 jam
1498 2193 1658 2223 fluiditatis
1664 2192 1830 2229 defectum.

1002 2235 1101 2275 sitque
1111 2236 1289 2271 resistentia,
1305 2236 1421 2266 caeteris
1432 2236 1565 2274 paribus,
1575 2242 1612 2266 ut
1622 2235 1756 2276 dignitas
1766 2245 1783 2265 z
1793 2235 1828 2266 ¹³¹.

1004 2278 1068 2308 His
1081 2278 1187 2316 positIs
1201 2277 1378 2309 ostendetur
1391 2278 1472 2308 utin
1490 2279 1561 2309 Cor.
1577 2282 1603 2308 1.
1622 2284 1653 2313 et
1668 2281 1697 2308 2.
1714 2277 1833 2308 factum

1002 2326 1058 2357 est,
1080 2319 1164 2360 quod
1179 2321 1203 2350 si
1215 2326 1353 2359 tempora
1365 2320 1520 2359 periodica
1535 2326 1710 2350 statuantur
1728 2320 1761 2350 in
1783 2329 1832 2350 ra·

1001 2362 1087 2393 tione
1100 2361 1315 2402 sesquiplicata
1335 2362 1548 2393 distantiarum
1563 2373 1583 2393 a
1596 2369 1712 2399 centro,
1735 2368 1831 2392 mate-

1000 2405 1046 2435 ria
1059 2405 1180 2435 vorticis
1200 2403 1239 2436 eo
1260 2404 1384 2435 fluidior
1404 2404 1462 2435 erit
1481 2403 1545 2445 quo
1569 2404 1693 2445 longius
1706 2404 1799 2435 distat
1811 2414 1833 2435 a

1000 2453 1115 2484 centro,
1144 2447 1194 2477 vel
1216 2447 1386 2478 resistentia
1409 2447 1574 2488 augebitur
1597 2447 1628 2476 in
1651 2446 1759 2487 majori
1780 2456 1829 2477 ra-

1000 2490 1084 2521 tione
1098 2488 1192 2531 quam
1205 2500 1243 2520 ea
1256 2495 1302 2521 est
1315 2490 1348 2520 in
1363 2489 1424 2531 qua
1439 2489 1582 2521 velocitas
1595 2489 1721 2520 relativa
1733 2499 1830 2531 auge·

999 2538 1060 2564 tur.

1042 2605 1117 2634 388.
1135 2604 1230 2634 Corol.
1247 2605 1277 2632 4.
1316 2601 1348 2633 Si
1369 2601 1548 2638 resistentia,
1564 2600 1681 2631 caeteris
1695 2599 1829 2640 par-ihus,

999 2650 1150 2685 augeatur
1163 2645 1196 2674 in
1211 2645 1329 2675 ratione
1350 2645 1469 2674 minore
1489 2642 1583 2684 quam
1599 2643 1632 2672 in
1646 2643 1763 2673 ratione
1777 2653 1830 2673 vo-

998 2687 1141 2724 locitatis,
1167 2687 1227 2717 boc
1241 2693 1297 2724 est,
1323 2687 1348 2717 si
1362 2687 1455 2717 index
1470 2697 1501 2726 p,
1527 2686 1568 2716 sit
1586 2685 1703 2716 unitate
1717 2685 1828 2723 minor,

1071 2746 1091 2772 2
1106 2742 1150 2782 -ῑ-
1166 2752 1199 2772 ιιι
1213 2751 1235 2771 ιι

1000 2806 1302 2877 periodicappartium
1318 2835 1440 2866 vorticis
1450 2841 1542 2866 erunt
1550 2835 1583 2865 in
1594 2834 1703 2876 majori
1713 2835 1830 2866 ratione

1002 2879 1095 2920 quam
1122 2877 1276 2919 duplicata
1297 2878 1415 2908 ratione
1427 2878 1652 2908 distantiarum
1672 2888 1692 2908 a
1712 2883 1827 2908 centro.

1004 2923 1088 2953 Nam
1103 2922 1150 2952 vel
1165 2928 1211 2952 est
1224 2931 1256 2951 m
1271 2931 1293 2950 n
1307 2933 1353 2949 =
1367 2930 1397 2957 o,
1420 2920 1504 2960 quod
1516 2920 1675 2958 ‘contingit
1688 2918 1764 2950 dum
1779 2930 1831 2950 ea-

1003 2965 1074 2995 dem
1094 2971 1139 2995 est
1161 2965 1276 3004 ubique
1300 2962 1391 2992 fluidi
1413 2962 1546 2993 densitas
1560 2972 1595 2992 ac
1616 2961 1761 2998 fluiditas,
1782 2962 1832 2992 vei

1002 3017 1035 3037 m
1046 3017 1082 3043 n,
1098 3014 1143 3037 est
1158 3016 1306 3036 numerus
1320 3005 1475 3044 positivus,
1491 3005 1564 3045 quia
1577 3003 1715 3035 defectus
1728 3003 1831 3035 fluidi-

1002 3050 1074 3080 tatis
1088 3049 1135 3079 vel
1150 3049 1293 3084 densitas,
1309 3048 1407 3078 auctis
1420 3047 1572 3078 distantiis
1585 3058 1605 3078 a
1616 3053 1722 3078 centro
1735 3056 1830 3088 auge·

1003 3098 1055 3122 tur
1070 3094 1140 3134 (per
1156 3092 1227 3123 eor.
1250 3090 1300 3130 h).

1000 2768 1057 2799 erit

1250 2767 1367 2798 binario
1382 2767 1489 2808 major,
1506 2772 1537 2797 et
1551 2765 1678 2806 proinde
1692 2772 1830 2806 tempora

949 3151 1017 3182 Ua
