2066 3548
225 243 308 279 216
653 232 1103 278 PHILOSOPHIAE
1134 230 1495 287 NATURALIS
1571 229 1941 283 [Momentum
1970 291 1974 293 Α

226 358 387 393 constat
413 350 526 407 quod
555 351 760 406 quantitas
791 364 922 405 aquae,
958 362 1051 404 quae
1078 361 1155 402 per
1185 346 1371 387 foramen
1398 345 1596 387 circulare
1615 345 1659 386 in
1677 343 1808 386 fundo
1826 341 1941 386 vanis

224 423 390 474 factum,
413 423 512 465 dato
532 431 719 476 tempore
739 420 879 471 effluit,
902 435 951 462 ea
970 419 1022 461 sit
1042 433 1135 474 quae
1155 433 1251 459 cum
1271 418 1484 459 velocitate
1503 416 1715 473 proedictfi,
1746 430 1832 458 non
1859 429 1936 471 per

223 494 409 535 foramen
428 493 545 541 illud,
568 491 641 532 sed
658 505 735 544 per
753 490 939 532 foramen
958 489 1170 540 circulare,
1193 491 1307 544 cujus
1320 489 1519 531 diameter
1534 497 1597 531 est
1616 489 1669 530 ad
1689 489 1936 530 diametrum

220 565 432 606 foraminis
466 564 575 604 illius
609 571 657 604 ut
686 568 735 603 21
773 563 827 604 ad
857 568 925 613 25,
962 562 1106 604 eodem
1138 569 1325 616 tempore
1356 561 1522 603 effluere
1552 561 1687 602 debet.
1749 560 1936 616 Ide6que

221 649 327 690 aqua
347 634 417 674 illa
438 632 608 674 effluens
628 632 885 674 velocitatem
911 633 1037 673 habet
1057 632 1252 674 deorsum
1272 633 1315 673 in
1333 633 1425 687 ipso
1445 632 1645 673 foramine
1665 646 1789 688 quam
1809 646 1955 689 grave‘

221 703 409 746 cadendo
430 711 471 744 et
491 718 589 745 casu
609 718 685 744 suo
718 703 769 759 (q)
790 702 1064 744 describendo
1093 703 1308 744 dimidiam
1337 703 1596 745 altitudinem
1617 718 1737 759 aquae
1765 703 1810 744 in
1838 717 1936 744 vase

221 775 446 832 stagnantis
467 775 677 831 acquirere
696 783 833 830 potest
854 774 1185 831 quamproxime.
1249 775 1333 818 Sed
1360 784 1580 831 postquam
1599 776 1728 817 exivit
1747 789 1802 817 ex
1821 789 1932 826 vase,

220 849 473 890 acceleratur
494 846 783 904 convergendo
804 847 938 889 donec
958 847 1012 888 ad
1032 847 1267 888 distantiam
1287 863 1312 888 a
1324 847 1524 888 foramine
1545 848 1747 889 diametro
1766 846 1934 888 forami·-

219 921 284 962 nis
303 935 435 975 prope
454 920 656 976 aequalem
675 920 922 975 pervenerit,
945 928 988 961 et
1006 919 1265 961 velocitatem
1294 919 1553 975 acquisiverit
1570 920 1769 975 majorem
1796 920 1841 960 in
1869 933 1941 961 ra·

220 992 331 1034 tione
352 991 636 1046 subduplicata
659 991 807 1032 binarii
827 991 881 1032 ad
902 987 1100 1033 unitateni
1121 990 1305 1038 circiter3
1335 1004 1459 1045 quam
1479 990 1620 1046 utique
1639 1003 1765 1046 grave
1786 988 1935 1032 caden-

221 1065 290 1115 do,
326 1072 367 1106 et
397 1079 494 1105 casu
525 1079 600 1104 suo
629 1064 902 1105 describendo
931 1072 1062 1105 totam
1091 1063 1350 1105 altitudinem
1377 1076 1495 1119 aquae
1516 1063 1559 1103 in
1578 1077 1675 1104 vase
1694 1060 1933 1119 stagnantis,

221 1136 433 1193 acquirere
453 1143 590 1191 potest
609 1135 935 1191 quamproxime.

281 1209 333 1250 In
353 1207 617 1263 sequentibus
647 1207 773 1263 igitur
804 1207 1003 1249 diameter
1038 1221 1155 1248 venae

222 1279 460 1335 designetur
479 1292 555 1333 per
569 1277 757 1318 foramen
777 1277 879 1318 illud
892 1278 1028 1318 minus
1042 1277 1154 1333 quod

1295 1205 1346 1271 ‘K
1559 1205 1586 1242 1
1821 1202 1860 1242 L

221 1348 458 1390 vocavimus
499 1348 538 1389 E
572 1347 619 1389 F.
681 1347 738 1389 Et
776 1350 902 1404 plano
941 1350 1153 1391 foraminis

224 1421 262 1462 E
281 1421 316 1462 F
329 1419 574 1476 parallelum
594 1419 691 1461 duci
710 1420 964 1477 intelligatur
982 1420 1152 1475 planum

222 1491 334 1533 aliud
364 1491 552 1546 superius
575 1492 617 1533 V
638 1491 702 1533 W
723 1491 778 1532 ad
807 1491 1040 1532 distantiam
1064 1492 1152 1533 dia-

220 1571 355 1604 metro
374 1562 588 1604 foraminis
618 1563 821 1618 aequalem
850 1562 1011 1604 circiter
1031 1571 1072 1604 et
1091 1562 1152 1603 fo-

220 1635 378 1676 ramine
396 1635 553 1690 majore
578 1635 608 1676 S
629 1634 671 1676 T
689 1642 930 1689 pertusum3
952 1649 1027 1690 per
1040 1634 1153 1690 quod

223 1706 365 1762 utique
393 1720 499 1746 vena
530 1705 665 1756 cadat,
703 1721 796 1761 quae
828 1705 1043 1762 adaequate
1075 1707 1152 1747 im-

219 1778 332 1833 pleat
351 1778 740 1820 forameninferius
773 1778 811 1819 E
833 1778 880 1827 F,
913 1786 1035 1833 atque
1059 1777 1154 1819 ideo
1275 1808 1310 1846 C

219 1850 335 1904 cujus
367 1849 568 1889 diameter
598 1849 652 1890 sit
680 1848 734 1889 ad
766 1848 1014 1889 diametrum
1042 1848 1152 1891 fora-

217 1920 338 1960 minis
359 1918 561 1959 inferioris
582 1927 628 1959 ut
648 1923 701 1960 25
724 1918 777 1959 ad
798 1923 846 1958 21
874 1918 1047 1959 circiter.
1111 1918 1180 1960 Sic
1200 1919 1310 1959 enim
1330 1905 1435 1960 vena
1453 1933 1529 1974 per
1548 1917 1734 1960 foramen
1763 1918 1932 1963 inferius

1468 1781 1597 1843 EG

1623 1807 1663 1843 F

1855 1806 1899 1843 D

217 1990 614 2046 perpendiculariter
633 1990 845 2038 transibit3
876 1998 918 2031 et
937 1990 1142 2046 quantitas
1163 2006 1282 2046 aquae
1303 1991 1517 2042 effluentis,
1549 2005 1628 2046 pro
1647 1991 1933 2048 magnitudine

218 2062 429 2103 foraminis
448 2061 583 2116 hujus,
614 2077 662 2103 ea
682 2062 760 2103 erit
780 2077 904 2117 quam
926 2062 1074 2103 solutio
1097 2063 1371 2105 Problematis
1390 2063 1572 2118 postulat
1601 2063 1939 2119 quamproxime..

221 2132 408 2187 Spatium
427 2130 540 2181 vero,
572 2131 685 2187 quod
713 2132 848 2186 planis
878 2131 1041 2173 duobus
1062 2140 1103 2173 et
1125 2131 1226 2174 vena
1248 2132 1419 2174 cadente
1450 2133 1668 2184 clauditur,
1705 2147 1782 2190 pro
1801 2133 1932 2176 fundo

217 2204 323 2244 vasis
338 2203 499 2244 ‘haberi
531 2210 680 2258 potest.
744 2203 828 2245 Sed
857 2211 905 2244 ut
932 2204 1082 2245 solutio
1112 2205 1388 2246 Problematis
1417 2206 1642 2262 simplicior
1667 2207 1720 2248 sit
1739 2215 1780 2249 et
1799 2207 1931 2264 magis

217 2272 518 2322 mathematica,
549 2281 720 2327 praestat
738 2273 936 2315 adhibere
955 2273 1126 2328 planum
1147 2269 1279 2315 solum
1299 2274 1468 2317 inferius
1488 2290 1567 2330 pro
1586 2276 1716 2317 fundo
1737 2277 1858 2328 vasis,
1889 2279 1936 2320 et

218 2347 376 2402 fingere
396 2345 508 2401 quod
528 2361 635 2402 aqua
655 2361 748 2402 quae
767 2361 842 2401 per
861 2346 1035 2403 glaciem
1057 2362 1133 2388 ceu
1161 2361 1237 2402 per
1266 2347 1570 2389 infundibulum
1597 2348 1816 2399 defluebat,
1845 2355 1888 2390 et
1906 2364 1930 2391 e

218 2434 313 2460 vase
347 2433 421 2474 per
453 2418 639 2461 foramen
675 2419 713 2460 E
738 2419 773 2461 F
807 2420 850 2460 in
879 2419 1007 2475 plano
1032 2419 1226 2461 inferiore
1254 2420 1408 2461 factum
1437 2419 1737 2476 egrediebatur,
1763 2427 1929 2483 motum

218 2574 311 2615 quam
326 2585 381 2614 per
394 2575 543 2606 theoriam
565 2575 730 2613 invenitur,
753 2575 837 2617 quod
859 2575 948 2606 variis
962 2576 1051 2606 resis-

218 2617 322 2647 tentiis
337 2617 536 2648 tribuendum
551 2628 616 2648 esse
638 2618 765 2653 videtur,
790 2625 821 2649 et
841 2618 923 2649 certe
937 2618 1048 2648 illustr.

221 2660 365 2690 Marchio
390 2660 537 2697 Polenus‚
565 2659 636 2690 cnm
661 2661 694 2690 in
723 2661 818 2691 Libro
841 2661 880 2691 de
912 2661 1052 2691 Castellis

219 2711 288 2742 pag.
313 2706 363 2732 64.
393 2702 536 2741 opinatus
561 2702 667 2733 fuisset
692 2702 884 2733 velocitatem
909 2702 995 2732 illam
1018 2703 1051 2733 in

219 2744 435 2782 experimentis
445 2744 531 2774 valde
540 2755 604 2775 esse
615 2745 766 2775 minorem
778 2744 871 2786 quam
881 2745 912 2775 in
923 2745 1050 2782 theoria,

220 2785 360 2824 pluribus
375 2786 487 2817 deinde
501 2787 718 2826 experimentis
733 2787 772 2817 ad
784 2787 918 2818 calculos
929 2797 1050 2817 revoca-

221 2827 260 2857 tis
281 2828 412 2866 priorem
435 2831 616 2860 sententiam
638 2830 768 2860 mutavit
791 2829 823 2859 in
851 2829 992 2870 Epistola
1012 2829 1052 2860 ad

224 2869 448 2901 Marinonium.

266 2911 310 2951 (q)
335 2915 540 2945 Describendo
562 2916 721 2946 dimidz'am
741 2916 946 2946 altitudinem.
990 2914 1053 2944 Ve-

221 2951 328 2983 locitas
348 2966 441 2995 qnam
464 2966 574 2996 corpus
588 2957 746 2997 quodlibet
762 2967 861 2997 grave,
884 2957 950 2987 sine
964 2956 1052 2986 resis-

222 2996 317 3025 tentia
332 2998 468 3028 cadendo
483 3005 513 3028 et
528 3008 599 3029 casu
617 3010 674 3030 suo
686 2999 884 3032 describendo
894 2998 1052 3029 dimidiam

221 3036 416 3069 altitudinem
431 3050 519 3080 aquoe
534 3041 567 3070 in
583 3051 651 3071 vase
665 3042 836 3083 stagnantis
850 3041 989 3082 acquirit,
1005 3047 1051 3071 est

222 3078 262 3109 od
277 3080 464 3111 velocitatem
481 3083 548 3123 ejus
561 3093 616 3122 per
629 3090 724 3115 totam
747 3083 942 3115 altitudinem
963 3093 1051 3125 aquae

1094 2575 1234 2607 cadendo
1255 2575 1434 2617 acquisitam
1455 2581 1493 2607 ut
1510 2578 1522 2606 1
1541 2575 1582 2608 ad
1598 2577 1640 2616 q(
1660 2579 1679 2606 2
1696 2575 1763 2617 (28.
1784 2574 1855 2606 Lib.
1876 2574 1926 2618 1.)
1985 2602 1989 2605 .

1097 2618 1168 2655 Sed,
1192 2629 1229 2649 ex
1244 2617 1336 2658 supra
1349 2618 1486 2654 ostensis,
1513 2618 1657 2649 velocitas
1677 2628 1766 2658 aquae
1781 2627 1835 2657 per
1849 2617 1929 2650 vad!

1094 2661 1233 2692 foramen
1248 2660 1433 2691 transeuntis
1448 2666 1493 2690 est
1506 2660 1546 2691 ad
1563 2659 1751 2691 velocitatem
1766 2670 1821 2700 per
1839 2670 1928 2691 vena

1094 2709 1258 2734 contractae
1279 2703 1442 2734 sectionem
1458 2702 1588 2737 fluentis,
1606 2702 1637 2732 id
1652 2709 1706 2739 est,
1728 2702 1767 2732 ad
1782 2701 1925 2734 velocita-

1094 2752 1156 2775 tem
1172 2755 1266 2786 quam
1287 2755 1378 2786 grave
1398 2744 1535 2775 cadendo
1550 2755 1604 2784 per
1619 2750 1714 2775 totam
1729 2743 1926 2777 altitudinem

1094 2798 1183 2828 aquae
1198 2787 1230 2817 in
1245 2798 1315 2818 vase
1336 2787 1505 2828 stagnantis
1527 2787 1665 2827 acquirit,
1694 2787 1726 2817 in
1749 2786 1855 2818 eadem
1877 2796 1926 2821 η-

1095 2830 1178 2860 tione
1198 2834 1222 2865 l,
1251 2830 1290 2860 ad
1313 2830 1355 2870 γ
1378 2833 1416 2866 2;
1443 2827 1537 2870 quare
1553 2829 1696 2860 velocitas
1718 2839 1811 2869 quam
1833 2838 1927 2870 grave

1095 2882 1149 2910 per
1171 2872 1329 2903 dimidiam
1351 2871 1544 2902 altitudinem
1569 2882 1657 2912 aquae
1686 2871 1855 2912 stagnantis
1874 2881 1925 2907 en,-

1096 2914 1198 2946 dendo
1232 2914 1369 2956 acquirit,
1407 2914 1533 2955 oequalis
1569 2920 1614 2944 est
1650 2913 1800 2944 velocitati
1835 2923 1925 2955 aqua

1096 2967 1150 2995 per
1185 2956 1323 2987 foramen
1357 2955 1518 2993 effluentia
1564 2954 1658 2986 modo
1699 2962 1802 2986 tamen
1883 2965 1925 2986 ua

1096 3009 1150 3038 per
1185 2999 1314 3040 simplex
1351 2998 1489 3030 foramen
1525 2998 1559 3028 in
1594 2997 1774 3029 tenuissima
1808 2997 1870 3028 lam
1884 2995 1924 3028 nd

1092 3041 1222 3080 factum,
1265 3047 1302 3073 ut
1338 3040 1430 3082 ma
1465 3040 1638 3081 expositum
1674 3046 1729 3081 est,
1772 3038 1877 3071 effluat
1904 3048 1923 3070 a

1094 3093 1172 3115 vase.
1771 3092 1774 3096 ·
