2066 3548
156 240 306 282 me
327 239 548 290 Saeuus]
609 235 934 282 PRmcfflA
973 209 1466 285 MATHEMATIoA.

156 369 314 412 gressu.
348 351 350 353 ¹

1783 245 1868 286 287

402 354 488 394 *am
508 353 662 395 lineola
678 354 851 410 physica.
870 370 884 393 ε
903 371 942 407 7,
964 355 1271 410 quamprimnm
1289 354 1345 396 ad
1362 344 1502 395 locum
1532 369 1654 395 suum
1685 355 1867 410 primum

154 427 336 477 redierit,
369 428 421 482 (¹¹)
444 428 648 483 quiescet3
677 441 813 483 neque
833 427 1028 481 deinceps
1057 427 1302 477 movebitur,
1332 427 1412 468 nisi
1432 426 1498 467 vel
1517 427 1748 481 abimpetu
1776 442 1868 468 cor-

153 497 267 552 poris
288 497 465 547 tremuli,
488 498 554 538 vel
573 497 626 538 ab
645 498 802 551 impetu
822 497 1019 551 pulsuum
1039 497 1110 552 qui
1130 513 1156 538 a
1174 512 1351 551 corpore
1370 497 1547 538 tremulo
1566 506 1864 554 propagantur,

151 576 269 609 motu
288 582 398 609 novo
428 568 595 609 cieatur.

150 640 266 681 mulo
284 641 508 697 propagari
527 640 731 682 desinunt.

656 568 855 616 Quiescet
882 568 1008 625 igitur
1037 567 1344 624 quamprimum
1371 568 1515 623 pulsus
1535 584 1562 610 a
1580 583 1754 623 corpore
1783 577 1866 612 tre-

322 822 703 866 PROPOSITIO
734 823 953 866 XLVIII.
1017 819 1379 864 THEOREMA
1409 821 1682 865 XXXVIII.

103 996 107 1000 Ι
143 939 337 979 Pulsuum
367 939 412 978 in
423 939 565 994 fluido
584 940 745 979 clastico
766 945 1083 992 propagatorum
1104 938 1438 979 velocitates-sunt
1467 938 1510 978 in
1530 939 1691 979 ratione
1709 952 1863 992 compo—

202 1008 350 1050 ,sitd'ex
368 1008 645 1061 subduplicatd
674 1010 834 1049 ratione
860 1010 920 1050 vis
948 1010 1123 1050 elasticae
1151 1006 1302 1048 directe*
1328 1014 1367 1047 et
1395 1007 1673 1060 subduplicatd
1701 1012 1862 1050 ratione

201 1080 413 1120 densitatis
443 1077 596 1120 inversi?
609 1102 624 1126 ;
655 1080 693 1120 si
712 1081 825 1120 modo
827 1079 963 1135 fluidi
982 1081 1041 1121 vis
1060 1080 1226 1119 elastica
1245 1077 1412 1132 ejusdem
1432 1080 1737 1120 condensationi
1756 1094 1859 1133 pro-

191 1141 440 1205 portionalis
459 1166 540 1193 esse
555 1157 814 1204 supponatur.

200 1265 289 1306 Cas.
314 1271 352 1306 l.
385 1265 430 1307 Si
450 1265 587 1307 media
607 1265 689 1307 sint
706 1262 980 1322 homogenea‚
1009 1273 1051 1307 et
1078 1263 1274 1319 pulsuum
1303 1264 1510 1306 distantiae
1538 1265 1582 1305 in
1611 1261 1677 1306 his
1707 1265 1857 1307 mediis

139 1343 355 1391 aequentur
375 1335 483 1376 inter
503 1351 560 1385 se,
583 1334 656 1377 sed
676 1344 812 1377 motus
833 1336 876 1376 in
897 1350 983 1376 uno
1002 1335 1142 1376 medio
1162 1335 1364 1376 intensior
1384 1335 1459 1376 sit:
1492 1336 1794 1378 contractiones
1815 1344 1859 1378 et

138 1405 397 1447 dilatationes
416 1406 596 1461 partium
617 1406 885 1464 analogarum
907 1408 959 1462 (⁰)
983 1414 1106 1448 erunt
1125 1415 1171 1448 ut
1190 1406 1317 1448 iidem
1337 1414 1487 1448 motus.

183 1532 230 1574 (¹¹)
256 1535 273 1552 *⁸
303 1535 437 1568 Quiescee
447 1548 458 1568 ,·
497 1545 594 1574 ηεῳιε
623 1535 760 1574 deinceps
791 1536 968 1566 movebitur.

140 1575 380 1615 Quamprimum
395 1575 508 1606 lineola
518 1577 643 1616 physica
655 1589 665 1607 t
678 1590 702 1616 y
711 1577 750 1606 ad
762 1576 867 1607 locum
876 1587 971 1607 suum

136 1618 272 1657 primum
286 1617 416 1652 redierit,
440 1618 538 1656 ipsius
553 1619 695 1648 velocitas
709 1629 802 1658 quam
817 1618 968 1656 ordinata,

136 1670 169 1690 rn
184 1661 204 1695 i,
231 1670 351 1698 semper
372 1660 499 1699 exponit
521 1661 634 1701 (Prop.
656 1661 874 1691 XXXVIII.
901 1661 973 1692 Lib.

140 1702 187 1741 1.)
214 1702 434 1742 extinguetur3
464 1708 496 1733 et
520 1703 658 1742 ejusdem
688 1702 811 1733 lineolae
840 1703 976 1734 densitas

136 1745 244 1784 visque
267 1744 391 1775 elastica
416 1745 524 1774 eadem
548 1745 606 1775 erit
626 1755 698 1775 curn
721 1745 870 1775 densitate
892 1752 924 1775 et
944 1746 975 1775 vi

135 1785 260 1818 elastica
283 1786 377 1826 partis
395 1787 432 1817 E
451 1787 482 1817 G
502 1787 599 1816 medii
612 1787 816 1827 quiescentia
840 1786 974 1827 ide6que

135 1829 280 1869 quiescet,
307 1830 362 1859 διο.
410 1830 429 1848 ¹*
448 1828 489 1859 Id
514 1829 612 1868 liquet
633 1839 670 1858 ex
686 1839 718 1859 n.
738 1833 787 1859 20.
807 1829 973 1860 additionis

136 1879 249 1901 nostroe
263 1871 302 1901 de
319 1870 461 1901 Motibus
478 1871 511 1900 in
530 1870 644 1901 Fluido
660 1871 798 1901 Elastico
816 1872 947 1902 Genitis.

180 1917 252 1944 316.
280 1913 332 1943 Ex
347 1913 395 1943 his
409 1913 595 1954 intelligitur
615 1912 775 1953 quomode>
795 1924 851 1952 per
871 1915 971 1944 vibra-

135 1955 234 1985 tiones
247 1955 425 1985 isochronas
437 1956 571 1994 corporis
581 1955 752 1985 resonantis
763 1956 974 1994 producantur

134 1997 168 2027 in
185 1997 253 2027 a'ere
271 1997 382 2036 pulsus
402 1997 515 2037 quibus
530 1997 569 2027 ad
585 2007 692 2027 aurem
714 1998 858 2036 appulsis,
882 1998 918 2028 fit
938 1999 972 2028 in

135 2039 224 2069 nobis
237 2039 392 2078 perceptio
407 2039 485 2075 soni,
509 2045 540 2069 et
554 2049 610 2069 cur
624 2039 703 2075 soni,
726 2046 862 2069 cessante
883 2046 972 2070 motu

133 2080 269 2111 tremulo
283 2081 418 2120 corporis
433 2081 545 2117 sonori,
561 2081 663 2110 statim
681 2087 809 2111 cessent.
856 2081 972 2122 Liquet

135 2123 228 2154 etiam
243 2130 332 2153 tonos
346 2133 365 2153 a
380 2132 512 2152 numero
525 2122 674 2161 pulsuum
689 2122 744 2162 qui
758 2123 793 2152 ln
807 2123 876 2153 acre
891 2130 968 2153 tem-

133 2176 209 2205 pore
230 2165 303 2195 dato
324 2165 508 2201 excitantur,
533 2163 676 2204 pendere,
702 2163 776 2195 cum
797 2167 875 2205 (per
899 2166 969 2197 Cor.

137 2207 231 2247 Prop.
249 2206 361 2249 hujus)
382 2214 532 2237 numerus
550 2207 699 2246 pulsuum
715 2206 842 2247 {equalis
856 2207 895 2237 sit
909 2218 968 2238 nu-

133 2259 221 2280 mero
235 2250 441 2280 vibrationum
456 2259 495 2279 ex
511 2249 559 2280 itu
573 2255 606 2279 et.
619 2248 721 2278 reditu
730 2249 970 2298 compositarum

133 2302 210 2332 quas
223 2291 338 2322 chorda
352 2292 472 2322 musica
492 2291 622 2340 peragit,
646 2297 677 2321 et
697 2293 736 2321 ab
757 2292 817 2321 isto
838 2301 970 2323 numero

133 2340 278 2364 tonorum
294 2334 451 2364 diversitas
464 2334 582 2364 oriatur
597 2333 701 2375 (308).

176 2380 250 2408 817.
278 2376 368 2407 Patet
379 2376 472 2406 etiam
483 2376 640 2417 quomodo
650 2376 728 2406 netis
735 2376 844 2415 pulsus
856 2386 968 2407 sonum

132 2425 164 2449 et
177 2425 325 2449 “emor-es
339 2419 372 2448 in
387 2418 457 2449 aliis
471 2418 650 2458 corporibus
663 2418 803 2449 unisonis
817 2426 872 2449 aut
893 2429 967 2449 con-

133 2461 313 2492 sonantibus
327 2471 429 2491 creare
442 2462 570 2500 possint.
618 2461 702 2491 Nam
717 2459 789 2491 cum
805 2462 881 2491 aeris
896 2462 966 2500 pul-

132 2513 186 2533 sus
198 2503 232 2533 in
246 2513 375 2534 nervum
390 2503 545 2534 musicum
557 2502 686 2534 incurrit
699 2503 753 2543 qui
765 2504 966 2534 vibrationem

111 2571 116 2576 .
131 2555 227 2576 unam
243 2555 280 2576 ex
294 2545 342 2576 itu
357 2552 389 2576 et
401 2545 504 2576 reditu
520 2545 721 2585 compositam
738 2546 892 2576 absolvere
911 2557 964 2585 ap-

132 2593 184 2617 tus
204 2587 254 2624 sit,
280 2598 319 2618 eo
342 2593 480 2627 tempore
505 2598 569 2628 quo
590 2588 698 2627 pulsus
713 2598 800 2618 suam
816 2589 966 2626 percurrit

131 2609 337 2666 latitudinem,
353 2634 566 2661 commoretur
577 2640 690 2660 nervus
703 2637 734 2660 et
747 2629 904 2660 oscillatur
910 2641 966 2669 per

131 2671 281 2713 exiguum
287 2671 360 2703 licet
365 2672 541 2712 spatiumet
548 2670 773 2703 recurrentibus
780 2673 866 2702 novis
871 2679 964 2712 atque

132 2713 381 2753 conspirantibus
402 2715 480 2746 a‘e’ris
506 2715 649 2754 pulsibus
677 2714 806 2745 celerius
830 2721 964 2754 agitatur

131 2766 305 2804 sonumque
318 2756 426 2788 reddit.
475 2758 520 2788 At
533 2757 558 2787 si
574 2767 686 2787 nervus
699 2757 881 2787 vibrationes
891 2767 963 2788 suas

130 2798 266 2839 integras
279 2808 333 2829 seu
349 2808 387 2828 ex
399 2799 445 2830 itu
459 2807 491 2830 et
505 2799 606 2830 reditu
621 2799 804 2838 compositas
818 2799 962 2838 perficere

130 2847 264 2880 nequeat
287 2850 351 2881 quo
374 2846 510 2880 tempore
534 2842 643 2881 pulsus
667 2842 746 2872 aeris
765 2841 962 2872 latitudinem

130 2893 218 2913 sunm
233 2882 387 2919 describit,
409 2884 505 2922 possit
525 2891 628 2915 tamen
644 2884 676 2913 in
691 2890 792 2923 partes
813 2883 962 2923 aliquotas

131 2924 312 2965 hujusmodi
328 2925 547 2956 vibrationibus
560 2926 743 2966 peragendis
753 2936 839 2965 aptas
847 2927 961 2964 dividi;

130 2974 233 3006 partes
260 2967 333 3004 illae,
363 2967 590 3007 quiescentibus
617 2969 802 2998 divisionum
829 2971 961 3008 punctis,

130 3014 338 3049 congruenter
350 3009 389 3040 ad
404 3010 552 3048 pulsuum
566 3021 725 3042 recursum
741 3010 852 3040 sensim
865 3011 961 3051 agita-

130 3051 259 3088 buntur,
275 3051 518 3092 vibrationesque
530 3063 602 3083 snas
616 3064 688 3084 cum
703 3053 844 3092 pulsibus
857 3054 962 3083 uniso-

128 3103 184 3125 nas
199 3093 332 3135 singulae
347 3094 514 3133 perficient.
553 3096 585 3126 Si
600 3096 671 3127 vero
683 3096 768 3127 nervi
782 3097 847 3126 duo
860 3096 962 3135 proxi-

1539 1407 1750 1449 Accurata
1765 1409 1857 1464 qui-

1018 1533 1063 1564 mi
1078 1533 1110 1564 in
1125 1543 1175 1564 eas
1189 1538 1290 1572 partes
1303 1532 1454 1573 aliquotas
1470 1532 1566 1563 dividi
1580 1534 1699 1573 possint
1708 1544 1780 1574 quae
1793 1534 1856 1565 sint

1017 1577 1099 1606 inter
1113 1586 1145 1606 se
1159 1575 1199 1606 ad
1216 1575 1393 1612 unisonum,
1416 1582 1471 1613 aut
1491 1575 1576 1615 quod
1598 1576 1679 1606 idem
1703 1583 1760 1613 est,
1781 1587 1854 1616 quae

1018 1619 1202 1648 vibrationes
1216 1618 1392 1648 isochronas
1406 1624 1564 1658 peragant,
1580 1625 1612 1647 et
1621 1618 1732 1648 horum
1745 1629 1854 1648 nervo-

1018 1670 1089 1690 rum
1112 1670 1195 1690 unus
1215 1660 1355 1698 pulsetur
1376 1669 1549 1699 sonumque
1575 1659 1656 1697 edat,
1683 1661 1768 1690 nervi
1790 1661 1854 1692 duo

1020 1713 1085 1732 sese
1099 1703 1132 1731 in
1154 1708 1255 1741 partes
1275 1712 1347 1732 suas
1367 1701 1519 1741 aliquotas
1542 1702 1796 1733 veluisdivident
1817 1711 1855 1734 ut

1020 1744 1060 1774 ad
1077 1744 1245 1774 unisonum
1266 1744 1463 1774 reducantur.
1513 1744 1560 1775 Ut
1573 1745 1597 1773 si
1612 1744 1751 1784 ejusdem
1766 1747 1854 1776 nervi

1019 1787 1181 1825 capiantur
1202 1793 1302 1825 partes
1316 1786 1388 1816 duae
1402 1796 1534 1826 quarum
1550 1786 1589 1816 sit
1603 1787 1681 1816 ratio
1695 1791 1715 1817 2
1730 1787 1770 1817 ad
1783 1792 1805 1818 3
1821 1794 1854 1819 et

1017 1828 1177 1868 aequaliter
1192 1828 1369 1864 tendantur,
1385 1829 1541 1868 alteraque
1554 1838 1624 1867 pars
1638 1828 1787 1867 pulsetur,
1804 1830 1852 1861 di-

1017 1870 1139 1900 videtur
1151 1871 1254 1900 minor
1268 1880 1381 1900 nervus
1395 1870 1427 1899 in
1439 1876 1540 1909 partes
1555 1871 1641 1907 duas,
1658 1877 1691 1900 et
1705 1872 1805 1912 major
1817 1873 1851 1902 in

1017 1920 1116 1951 partes
1130 1919 1192 1943 tres
1206 1913 1339 1953 aequales
1353 1923 1423 1952 quae
1438 1913 1570 1953 singulae
1584 1913 1709 1943 seorsim
1729 1914 1851 1945 oscilla-

1016 1956 1144 1985 buntur.
1192 1956 1276 1986 Nam
1300 1955 1420 1985 brevior
1445 1965 1556 1986 nervus
1579 1955 1711 1986 duarum
1738 1966 1851 1996 nempe

1017 1998 1162 2035 partium,
1184 2003 1231 2027 ter
1244 1997 1413 2027 oscillando
1427 1997 1504 2027 dum
1518 2007 1631 2028 nervus
1644 1998 1767 2038 longior
1780 2009 1850 2038 par-

1016 2039 1096 2068 tium
1110 2039 1215 2075 trium,
1232 2039 1310 2069 duas
1323 2039 1528 2069 oscillatione-z
1542 2039 1672 2070 absolvit
1683 2041 1776 2081 (806)
1787 2041 1851 2072 fre-

1014 2080 1190 2120 quentiores
1204 2082 1235 2110 in
1251 2081 1320 2111 a'ere
1331 2081 1439 2132 pulsus
1453 2081 1564 2111 excitat
1574 2091 1707 2130 quorum
1722 2092 1848 2114 recursu

1015 2131 1128 2152 nervus
1148 2122 1271 2163 longior
1291 2122 1382 2152 citius
1403 2133 1497 2162 quam
1512 2133 1568 2161 par
1582 2131 1627 2153 est
1641 2125 1794 2164 agitatur3
1816 2132 1849 2157 et

1015 2174 1087 2194 cum
1114 2164 1274 2204 utriusque
1294 2165 1378 2195 nervi
1400 2165 1538 2204 aei-isque
1551 2169 1656 2195 motus
1676 2176 1847 2207 congruere

1015 2216 1077 2236 non
1093 2207 1210 2244 possint
1225 2207 1281 2236 nisi
1297 2206 1429 2255 singulae
1445 2217 1606 2237 nervorum
1619 2215 1720 2247 partes
1727 2209 1847 2250 aliquo-

1014 2254 1054 2278 tae
1079 2255 1111 2279 et.
1135 2249 1267 2288 aequales
1290 2250 1415 2279 seorsim
1441 2249 1628 2287 oscillentur,
1658 2257 1764 2281 motus
1791 2252 1846 2283 ille

1013 2291 1190 2329 conspirans
1208 2291 1319 2322 tamin
1334 2292 1434 2321 nervis
1455 2302 1549 2331 quam
1570 2291 1604 2321 in
1625 2291 1695 2322 a'ere
1717 2293 1844 2325 tandem

1012 2333 1203 2371 producitur.
1250 2334 1295 2364 Et
1322 2335 1390 2364 haec
1417 2333 1544 2374 quidem
1568 2334 1601 2363 in
1627 2335 1845 2374 experimentis

1011 2376 1137 2406 musicis
1152 2375 1195 2405 itti
1211 2376 1390 2416 contingere
1405 2378 1604 2406 observarunt
1618 2376 1710 2408 Joan.
1731 2378 1843 2410 Wallis

1013 2418 1154 2456 Operum
1169 2418 1201 2448 in
1216 2419 1268 2449 fol.
1290 2419 1380 2448 Tom.
1402 2419 1450 2449 II.
1470 2429 1540 2459 pag.
1557 2422 1631 2449 466.
1672 2419 1717 2449 Et
1731 2419 1844 2451 deinde

1013 2461 1171 2490 Acusticae
1195 2461 1381 2491 instaurator
1407 2461 1451 2491 D.
1473 2461 1612 2491 Sauveur
1632 2461 1665 2491 in
1692 2462 1838 2494 Menum.

1013 2502 1112 2533 Acad.
1134 2503 1229 2533 Paris.
1247 2513 1298 2533 an.
1319 2506 1410 2534 1701.
1428 2503 1482 2534 ubi
1496 2503 1557 2534 alia
1570 2504 1780 2542 experimenta
1792 2515 1842 2536 re-

1009 2544 1069 2576 fert
1093 2556 1163 2585 quae
1184 2555 1222 2576 ex
1244 2545 1396 2584 praedictis
1410 2545 1501 2576 facile
1523 2552 1653 2585 possunt
1676 2546 1840 2586 explicari;

1012 2590 1029 2606 ⁸*
1046 2594 1076 2617 et
1090 2589 1162 2618 inde
1182 2588 1419 2628 ingeniosissimi
1441 2589 1612 2628 systematis
1632 2588 1672 2619 de
1693 2595 1838 2620 tonorum

1009 2629 1210 2668 productione
1232 2636 1263 2660 et
1284 2629 1447 2660 harmonia
1468 2630 1672 2661 fundamenta
1693 2630 1841 2663 derivavit

1008 2672 1051 2702 ill.
1075 2673 1114 2703 de
1136 2673 1261 2708 Mairan
1290 2673 1376 2702 omni
1399 2672 1491 2702 laude
1516 2674 1663 2711 superior,
1693 2674 1776 2713 quod
1797 2675 1838 2705 ad

1006 2715 1125 2753 praxim
1153 2714 1330 2745 felicissime
1353 2715 1506 2746 revocavit
1527 2715 1574 2744 vir
1596 2715 1678 2746 inter
1701 2716 1838 2748 eruditos

1009 2757 1152 2796 Orpheos
1165 2757 1389 2788 illustrissimus
1405 2758 1449 2788 D.
1469 2758 1621 2788 Rameau.

1049 2800 1095 2839 (⁰)
1113 2803 1130 2819 ⁸
1148 2802 1257 2831 Erunt
1271 2806 1308 2831 ut
1322 2801 1410 2830 iidem
1423 2806 1534 2830 motus.
1574 2800 1685 2830 Motus
1698 2800 1781 2831 enim
1790 2801 1835 2832 illi

1006 2849 1079 2872 sunt
1093 2842 1141 2872 vel
1157 2852 1257 2872 causae
1271 2842 1320 2872 vel
1335 2842 1462 2872 effecti-‚s
1483 2843 1698 2873 contractionis
1712 2849 1744 2873 et
1757 2843 1835 2875 dila.

1005 2884 1129 2914 tationis
1151 2884 1285 2924 partium
1307 2884 1340 2914 in
1363 2884 1502 2923 pulsibus
1515 2885 1830 2935 correspondentium.

1009 2927 1090 2956 Haec
1103 2934 1208 2957 tamen
1224 2926 1380 2965 proportio
1401 2932 1542 2957 accurata
1556 2937 1618 2957 non
1634 2934 1690 2964 est,
1713 2927 1738 2958 si
1759 2938 1834 2960 con·-

1006 2970 1168 2999 tractioues
1177 2975 1207 2998 et
1218 2969 1409 2999 dilatationes
1418 2969 1479 3000 sint
1487 2969 1595 3000 valde‘
1586 2977 1715 3001 intense
1714 2981 1833 3012 ,quem-

1005 3011 1175 3042 admodum
1197 3011 1221 3040 si
1243 3011 1357 3040 chorda
1376 3011 1493 3041 musica
1515 3011 1612 3042 nimia
1632 3012 1662 3042 vi
1683 3014 1832 3052 pulsetur,

1006 3053 1051 3083 vis
1075 3053 1187 3083 motrix
1213 3053 1433 3092 particularum
1456 3054 1524 3094 ejus
1545 3065 1610 3084 non
1631 3061 1678 3086 est
1701 3057 1834 3104 amplius

1005 3095 1238 3136 proportionalis
1255 3095 1359 3135 spatiis
1379 3106 1434 3136 per
1453 3106 1524 3137 quae
1545 3097 1634 3128 debet
1655 3099 1779 3137 moveri,
1802 3103 1834 3128 et
