2066 3548
274 266 357 303 302
690 225 1142 302 PHILOSOPHIAE
1175 257 1535 300 NATURALIS
1607 257 1754 309 [Mo‘r.
1778 248 1980 300 Conpon'.

275 373 361 415 rior
380 373 419 414 vi
440 372 575 428 aliqua
591 372 851 414 extrinsecus
870 369 1068 427 impressa
1087 378 1245 412 motum
1259 370 1377 410 illum
1390 373 1616 420 c'onservet,
1639 369 1788 412 efficiet
1805 378 1852 411 ut
1869 369 1982 412 idem

274 445 473 501 paulatim
483 448 638 505 ‘cesset

333 503 602 566 Quae'omnia
618 516 664 557 in
685 514 790 572 aqua
810 514 1023 571 profunda*
1039 512 1453 570 stagnante-experiri
1472 512 1581 556 licet.
1648 520 1650 522 '

596 710 973 755 PROPOSITIO
1004 709 1105 752 LII.
1165 708 1528 754 THEOREMA
1557 710 1659 754 XL.

271 847 320 891 Si
338 848 495 902 sphaera
516 848 658 898 solida,
690 847 734 887 in
737 846 877 903 fluido
896 846 1089 901 ung‘formi
1108 851 1146 886 et
1166 845 1477 907 iffinith-Circa
1496 859 1609 886 axem
1621 847 1825 899 positione
1844 849 1983 892 datum

302 920 520 975 'unfformi
539 933 623 961 cum
642 926 748 961 motu
766 920 1004 968 revolvatur,
1028 925 1068 960 et
1085 918 1137 959 ab
1154 917 1268 972 1119qu
1289 920 1456 972 impulsu
1475 920 1557 960 solo
1576 925 1727 974 agatur
1736 922 1916 977 fluidum
1938 923 1982 964 in

331 994 460 1034 orbem
473 1016 488 1041 ;
511 999 738 1046 perseveret
756 999 884 1033 autem
896 993 1031 1049 fluidi
1043 1006 1148 1045 pars
1165 1006 1410 1047 unoquaeque
1427 992 1679 1046 unffomniter
1698 995 1743 1035 in
1761 1002 1868 1037 motu
1884 1010 1982 1041 sno.-

330 1067 418 1108 dico
447 1067 552 1121 quod
569 1073 747 1119 tempora
759 1066 973 1118 periodica
994 1066 1178 1118 partium
1189 1066 1325 1122 fluidi
1344 1071 1460 1107 erunt
1479 1072 1523 1108 ul
1541 1068 1743 1120 quadrata
1761 1068 1982 1111 distantia-

329 1152 418 1179 rum
437 1151 464 1178 α
483 1143 617 1179 centro
636 1137 815 1191 sphaerae.
846 1132 849 1133 ⁷

332 1278 422 1319 Cas.
448 1283 485 1319 1.
519 1278 582 1320 Sit
602 1277 643 1320 A
664 1277 700 1319 F
721 1277 759 1319 L
779 1277 942 1333 sphaera
961 1277 1221 1319 uniformiter
1250 1277 1359 1319 circa
1379 1292 1497 1318 axem
1522 1277 1552 1320 S
1574 1277 1618 1318 in
1639 1278 1785 1320 orbem
1803 1286 1908 1328 acta,
1941 1286 1983 1320 et

270 1348 434 1396 circulis
467 1349 735 1391 concentricis
767 1348 805 1390 B
828 1349 870 1390 G
893 1348 958 1400 M,
991 1349 1029 1390 C
1056 1348 1105 1389 H
1128 1348 1184 1399 N,
1216 1348 1260 1390 D
1283 1348 1304 1389 I
1328 1347 1381 1397 Ο,
1407 1348 1444 1389 Ε
1468 1348 1509 1389 K
1534 1348 1582 1399 P,
1606 1350 1681 1390 διο.
1705 1349 1983 1405 distinguatur

267 1421 443 1463 fluidum
475 1421 520 1462 in
552 1421 672 1462 orbes
705 1421 943 1462 innumeros
975 1420 1255 1462 concentricos
1283 1419 1467 1475 ejusdem
1494 1418 1787 1461 crassitudinis.
1849 1405 1982 1478 Finge

268 1500 409 1534 autem
438 1492 559 1534 orbes
580 1492 672 1533 illos
692 1506 780 1533 esse
810 1491 961 1532 solidos
973 1507 984 1540 3
1016 1499 1056 1532 et
1317 1486 1319 1488 ¹

267 1563 465 1620 quoniam
477 1563 781 1620 homogeneum
794 1562 1051 1623 estfluidum,

266 1635 558 1691 impressiones
579 1635 867 1693 contiguorum
889 1635 1053 1676 orbimn

266 1705 312 1745 in
333 1719 376 1746 se
397 1713 541 1747 mutuo
561 1704 692 1756 factae,
724 1713 846 1747 erunt
868 1708 959 1761 (per
975 1705 1053 1761 hy·-

267 1776 477 1831 pothesin)
514 1785 561 1818 ut
589 1791 734 1818 eorum
764 1777 1052 1841 translationes

266 1848 322 1889 ab
342 1848 515 1889 invicem
535 1856 576 1890 et
597 1848 833 1902 superficies
846 1848 1052 1904 contiguae

265 1919 312 1961 in
332 1920 480 1975 quibus
510 1920 799 1975 impressiones
828 1919 943 1961 fiunt.
1005 1920 1051 1962 Si
1093 1935 1096 1937 ·

265 1991 482 2047 impressio
501 1991 542 2032 in
564 1991 708 2033 orbem
723 1991 901 2047 aliquem
921 1993 1052 2048 major

268 2073 330 2104 est
362 2063 427 2104 vel
458 2063 594 2104 minor
628 2078 680 2104 ex
714 2072 832 2118 parte
871 2062 1050 2104 concava

268 2134 390 2192 quam
413 2151 465 2177 ex
485 2143 603 2191 parte
624 2135 832 2185 convex53
852 2135 1051 2190 praevale-

265 2206 328 2247 bit
343 2207 558 2262 impressio
571 2205 728 2256 fortior,
743 2213 786 2248 et
797 2206 1052 2248 velocitatem

267 2278 379 2320 orbis
395 2278 461 2320 vel
476 2278 720 2320 accelerabit
733 2278 798 2319 vel
811 2277 1050 2330 retardabit,

265 2358 392 2405 prout
425 2350 467 2390 in
499 2350 674 2391 eandem
712 2350 927 2407 regionem
960 2366 1054 2392 cum

269 2414 397 2478 ipsius
415 2430 530 2464 motu
551 2422 616 2464 vel
636 2423 678 2463 in
692 2423 939 2464 contrariam
953 2423 1051 2464 diri-

266 2495 390 2552 gitur.
439 2494 620 2536 Proinde
641 2503 687 2536 ut
701 2495 813 2536 orbis
833 2496 1053 2551 unusquis-

267 2582 347 2623 que
367 2566 409 2607 in
429 2575 546 2608 motu
566 2581 642 2607 suo
661 2575 896 2620 perseveret
924 2567 1196 2621 uniformiter,
1227 2570 1438 2612 debebunt
1466 2567 1754 2624 ixnpressiones
1775 2582 1829 2610 ex
1855 2574 1976 2624 parte

266 2638 440 2695 utraque
469 2638 548 2680 sibi
577 2639 752 2680 invicem
772 2639 940 2694 aequari,
963 2647 1004 2681 et
1023 2639 1115 2683 fieri
1134 2642 1178 2684 in
1198 2643 1388 2700 regiones
1421 2642 1659 2684 contrarias.·
1721 2640 1849 2684 Unde
1878 2639 1974 2683 clim

265 2710 556 2766 impressiones
577 2710 659 2752 sint
678 2717 725 2752 ut
744 2711 951 2768 contiguae
971 2712 1210 2767 superficies
1240 2721 1282 2756 et
1309 2714 1459 2755 harum
1477 2711 1762 2754 translationes
1791 2711 1844 2754 ab
1869 2710 1974 2752 invi-

266 2795 378 2830 cem3
415 2788 537 2822 erunt
566 2775 854 2822 translationes
883 2781 1044 2823 inverse
1076 2791 1123 2824 ut
1157 2783 1409 2839 Superficies,
1447 2782 1498 2838 (¹¹)
1518 2781 1599 2823 hoc
1629 2789 1703 2833 est,
1738 2778 1899 2824 inverse
1927 2787 1974 2822 ut
2002 2834 2008 2838 .
2036 2807 2037 2810 =

266 2851 466 2908 quadrata
500 2851 786 2893 distantiarum
815 2852 1126 2907 superficierum
1154 2869 1178 2895 a
1207 2863 1362 2896 centro.
1425 2854 1531 2896 Sunt
1565 2861 1703 2895 autem
1729 2851 1972 2905 differentiae
2032 2897 2043 2911 ,.

265 2932 451 2966 motuum
472 2925 731 2982 angularium
747 2925 857 2967 circa
876 2940 998 2984 axem
1017 2934 1064 2968 ut
1084 2926 1151 2968 hae
1169 2928 1456 2970 translationes
1487 2927 1704 2982 applicatae
1733 2926 1787 2968 ad
1816 2925 1971 2968 distan-

309 3065 355 3107 ('¹)
373 3069 389 3086 ¹
412 3069 481 3098 Hoc
505 3075 558 3106 est,
585 3068 698 3100 ἰηυενεέ
713 3074 750 3101 ut
764 3071 916 3112 quadrata
942 3070 1097 3102 distamia-
1141 3070 1306 3110 sphaericae,
1322 3077 1358 3101 ut
1372 3075 1443 3110 pote
1457 3070 1582 3108 similes,
1606 3074 1679 3100 sunt
1700 3074 1737 3099 ut
1758 3066 1909 3110 quadrata
1922 3077 1971 3099 ra·

266 3120 338 3141 ⁰·an
365 3112 593 3152 superficierum
614 3122 633 3141 α
655 3119 767 3143 centro.
815 3113 898 3144 Nam
925 3112 1100 3152 superficies
1142 3113 1264 3145 diorum
1279 3122 1333 3145 seu
1348 3112 1561 3144 distantiarum
1576 3123 1595 3143 n
1609 3118 1722 3143 centro·
