2066 3548
261 252 314 288 30

444 356 523 406 Εἴ

659 247 662 251 ’
680 237 1126 284 PHILOSOPHIAE
1156 230 1514 279 NATURAL'IS

1591 231 1736 284 [Mor.
1746 230 1945 272 Comma.

260 401 416 443 ratione
435 415 530 467 D—f?
547 413 622 454 per
640 379 841 439 calculum
860 393 1037 444 inventii,
1076 394 1127 449 (²)
1157 392 1364 434 auferatur
1383 390 1489 431 ratio
1509 387 1654 430 eadem
1683 402 1757 441 per
1785 385 1946 440 experi-

260 504 443 539 mentum
462 496 638 545 invenm,
659 500 703 535 et
720 498 950 547 exponatur
965 489 1192 531 differentia
1211 502 1287 543 per
1305 483 1645 542 perpendiculum
1668 481 1716 523 M
1730 481 1786 523 N.
1827 479 1944 523 Idem

774 1888 804 1925 S

273 2059 337 2101 fac
356 2060 504 2101 iterum
524 2075 571 2101 ac
590 2060 723 2111 tertio,
756 2061 1001 2103 assumendo
1021 2077 1182 2117 semper
1210 2076 1359 2103 novam
1388 2059 1628 2103 resistentiae
1646 2058 1700 2100 ad
1719 2057 1975 2115 gravitatem*

274 2130 470 2171 rationem
494 2131 523 2172 S
545 2130 609 2179 M,
632 2139 673 2172 et
692 2131 922 2188 colligendo
942 2147 1090 2174 novam
1109 2132 1380 2174 differentiam
1402 2131 1453 2173 M
1470 2131 1524 2172 N.

1583 2129 1801 2171 Ducantur
1820 2135 1958 2171 autem

274 2202 514 2244 differentiae
534 2202 784 2245 affirmativae
803 2204 856 2244 ad
877 2219 999 2245 unam
1018 2213 1177 2259 partem
1197 2212 1320 2246 rectae
1342 2205 1371 2245 S
1393 2203 1457 2254 M,
1489 2211 1530 2244 et
1549 2200 1747 2259 negativae
1776 2199 1830 2242 ad
1858 2199 1958 2241 alte-

274 2288 384 2322 ram3
415 2281 456 2314 et
473 2288 548 2327 per
565 2281 719 2328 puncta
739 2274 793 2324 N,
812 2274 867 2325 N,
887 2275 931 2316 N
949 2283 1092 2332 agatur
1112 2289 1236 2316 curva
1255 2274 1452 2331 regularis
1474 2274 1517 2314 N
1530 2273 1572 2314 N
1588 2272 1631 2314 N
1649 2285 1791 2313 secans
1803 2277 1957 2311 rectam

278 2346 307 2387 S
329 2345 380 2386 M
402 2344 454 2386 M
474 2345 527 2386 M
545 2345 589 2386 in
609 2345 668 2397 X,
703 2346 754 2401 (¹³)
790 2353 831 2387 et
859 2346 937 2388 erit
957 2348 987 2389 S
1008 2347 1055 2389 X
1085 2362 1180 2389 vera
1209 2347 1313 2388 ratio
1345 2345 1584 2387 resistentiae
1615 2343 1668 2385 ad
1700 2343 1954 2401 gravitatem,

310 2476 356 2518 (²)
368 2478 418 2507 65.
433 2476 683 2518 Atfferaturratio
692 2478 794 2507 eadem
801 2487 857 2516 per
864 2479 1097 2517 experimentum

276 2521 415 2554 immuta,-
437 2524 468 2548 et
486 2518 512 2548 si
531 2517 609 2547 nihil
629 2523 675 2548 est
694 2518 817 2555 residui.
840 2525 921 2550 recte
940 2526 1097 2559 assumpta

276 2561 294 2590 f
294 2561 338 2591 uit
351 2560 428 2591 ratio
441 2559 617 2590 resistentiae
630 2559 670 2590 ad
683 2560 880 2600 gravitatem3
896 2563 921 2591 si
935 2560 1009 2602 quid
1023 2562 1096 2592 resi-

278 2603 333 2632 dui
346 2602 447 2639 fuerit,
462 2608 624 2643 exponatur
637 2603 804 2645 differentia
816 2614 872 2642 per
887 2605 929 2634 M
940 2605 984 2635 N.
1013 2603 1095 2634 Nam

278 2644 304 2674 si
319 2650 399 2675 recte
413 2650 567 2683 assumpta
580 2644 642 2674 fuit
654 2644 732 2675 ratio
744 2645 921 2675 resistentiae
942 2645 982 2675 ad
995 2645 1094 2686 gravi-

278 2692 381 2724 tatem,
397 2697 490 2717 curva
507 2687 539 2717 D
554 2696 569 2717 ι·
579 2697 598 2717 a
610 2686 637 2716 F
649 2696 704 2725 per
717 2688 971 2718 constructionem
986 2688 1033 2718 vel
1045 2698 1098 2727 per

279 2729 538 2768 computationem
558 2727 706 2768 descripta
719 2728 827 2759 similis
850 2735 896 2760 est
919 2730 1098 2771 trajectoriae

279 2780 372 2811 quam
387 2780 495 2808 corpus
509 2771 542 2800 in
555 2770 657 2801 medio
670 2770 825 2802 resistente
833 2771 935 2802 reverti
946 2771 1096 2809 describit,

280 2818 312 2843 et
335 2812 407 2842 hinc
429 2812 662 2853 homologarum
683 2813 717 2844 in
738 2813 799 2844 illis
821 2814 921 2845 curvis
945 2814 1097 2845 linearum

280 2854 371 2885 debet
384 2864 448 2884 esse
461 2854 536 2884 ratio
557 2854 636 2885 data.
683 2855 913 2887 Determinatur
934 2856 1014 2886 enim
1037 2862 1096 2886 tra-

275 2896 404 2937 jector'ia
424 2906 493 2926 vera
508 2906 545 2926 ex
559 2896 716 2928 velocitate
729 2903 760 2928 et
774 2897 891 2938 angulo
905 2898 1097 2938 projectionis

282 2938 393 2978 mque-li
418 2939 445 2969 P
462 2938 494 2968 D
513 2939 538 2969 C
553 2939 600 2968 vel
615 2950 635 2977 p
652 2940 684 2970 D
703 2940 739 2976 C,
761 2945 851 2981 atque
865 2950 901 2971 ex
923 2941 1038 2970 ratione
1052 2950 1099 2970 res

281 2980 426 3011 sistentiae
439 2980 479 3011 ad
493 2981 668 3021 gravitatem
682 2981 803 3019 datam3
818 2988 849 3012 et
862 2991 954 3013 curva
964 2992 1018 3021 per
1026 2992 1098 3012 con-

282 3023 479 3055 structionem
501 3022 651 3054 delineata
665 3023 883 3055 determinatur
896 3033 950 3064 per
963 3024 1099 3065 longitu-

1138 2477 1242 2508 dinem
1263 2482 1448 2515 assumptam
1473 2475 1505 2506 D
1523 2475 1551 2506 P
1566 2474 1612 2506 vel
1629 2475 1663 2506 D
1676 2484 1709 2514 p,
1731 2483 1801 2514 quae
1814 2471 1956 2503 velocita—
2007 2489 2009 2491 -

1137 2525 1198 2550 tem
1214 2520 1314 2550 datam
1330 2528 1448 2557 semper
1461 2523 1559 2556 potest
1573 2517 1722 2552 exhibere,
1737 2525 1792 2555 per
1805 2514 1958 2556 angulum

1140 2561 1169 2592 P
1185 2562 1217 2592 D
1237 2562 1262 2592 C
1285 2560 1333 2591 vel
1355 2571 1375 2599 p
1393 2561 1426 2591 D
1451 2560 1487 2595 C.
1510 2565 1542 2590 et
1557 2569 1612 2599 per
1633 2558 1782 2589 rationem
1804 2557 1957 2587 linearum

1139 2604 1174 2635 D
1195 2603 1232 2640 A,
1251 2603 1281 2633 A
1299 2603 1335 2639 C,
1351 2613 1406 2632 seu
1419 2601 1567 2632 rationem
1587 2599 1763 2632 resistentiae
1773 2599 1813 2630 ad
1827 2598 1957 2640 gravib-

1137 2652 1210 2682 tem,
1226 2645 1251 2676 si
1261 2651 1342 2676 recte
1351 2650 1506 2683 assumpta
1516 2643 1594 2674 fuit:
1612 2653 1706 2684 quare
1715 2641 1958 2672 differentiam

1139 2687 1218 2718 inter
1232 2696 1334 2718 veram
1346 2686 1546 2728 trajectoriam
1561 2692 1592 2717 et
1602 2695 1726 2716 curvam
1734 2684 1793 2714 hoc
1803 2682 1959 2730 modoper

1140 2729 1395 2760 constructionem
1419 2727 1598 2768 descriptam
1622 2733 1668 2758 est
1691 2726 1724 2758 in
1746 2724 1959 2766 magnitudine

1139 2772 1288 2803 linearum
1302 2771 1545 2812 homoiogarum,
1557 2779 1686 2810 quarum
1701 2768 1779 2800 ratio
1792 2773 1838 2799 est
1850 2765 1958 2798 endem

1139 2814 1171 2844 in
1186 2813 1315 2855 utrz'ique
1325 2812 1426 2844 curva.
1455 2813 1565 2843 Curvae
1575 2811 1671 2853 igitur
1679 2811 1740 2842 illae
1749 2809 1862 2842 similes
1873 2814 1954 2840 suut.

1182 2856 1227 2899 (⁸)
1243 2860 1293 2888 66.
1320 2858 1364 2888 Et
1377 2857 1433 2886 erit
1454 2857 1477 2887 S
1488 2856 1529 2886 X
1544 2865 1613 2886 vera
1637 2855 1712 2885 ratio
1734 2853 1959 2884 miseenetae‘ad

1135 2901 1321 2939 gravitatem.
1369 2897 1452 2928 Nam
1466 2896 1519 2927 ubi
1541 2896 1581 2927 M
1597 2896 1631 2928 N
1651 2905 1705 2926 seu
1719 2893 1890 2926 differentia
1909 2902 1959 2924 m

1141 2939 1361 3023 tionum-1353,
1387 2975 1458 3006 quae
1479 2974 1534 3004 per
1561 2963 1821 3003 computationem
1846 2966 1880 2993 et
1905 2969 1960 3000 per

1141 3034 1382 3074 experimentum
1403 3035 1534 3065 iuventa>
1548 3031 1629 3071 sunt,
1652 3032 1740 3063 nulla
1752 3037 1807 3070 est,
1821 3035 1900 3062 rat-io
1912 3038 1958 3060 re-
