2066 3548
133 251 281 294 Linmz
301 249 523 301 Saeuum]
586 246 909 291 PRINCIPIA
939 247 1441 293 MATHEMATchz
1762 252 1862 295 21⁷-

134 375 255 406 suum
273 369 476 418 perpetuo
495 368 642 413 servet,
673 362 722 417 (¹)
742 368 786 403 et
802 360 954 417 glacies
973 360 1153 417 quietem
1172 375 1303 403 suam.
1363 360 1418 403 In
1437 360 1702 417 sequentibus
1721 361 1850 420 igitur

133 435 187 477 sit
217 435 247 477 S
266 434 309 476 T
327 433 528 475 diameter
555 432 766 475 foraminis
796 433 1006 475 circularis
1035 441 1180 475 centro
1201 433 1236 476 Z
1256 433 1454 489 descripti
1484 447 1563 489 per
1591 434 1710 490 quod
1738 442 1850 477 cata.-

130 514 245 549 racta
264 505 393 548 effluit
412 521 466 548 ex
485 520 582 548 vase
600 505 673 547 ubi
693 520 800 561 aqua
818 513 907 547 tota
925 505 970 547 in
990 521 1086 547 vase
1104 505 1234 546 fluida
1253 513 1328 549 est.
1380 504 1439 547 Et
1457 505 1511 547 sit
1532 505 1571 548 E
1592 505 1629 548 F
1647 505 1850 555 diameter

130 576 341 619 foraminis
361 592 438 632 per
456 577 568 633 quod
588 585 792 619 cataracta
821 577 1008 619 cadendo
1036 576 1252 634 adaequate
1281 578 1440 628 transit,
1477 578 1563 619 sive
1590 592 1700 634 aqua
1727 585 1851 620 exeat

131 663 185 691 ex
206 665 300 691 vase
318 665 396 705 per
414 650 599 691 foramen
617 649 723 690 illud
743 650 933 704 superius
956 650 987 692 S
1008 649 1062 700 T,
1084 649 1168 690 sive
1188 649 1311 690 cadat
1329 664 1405 703 per
1424 648 1609 691 medium
1626 648 1774 707 glaciei
1802 649 1849 690 in

130 736 228 763 vase
253 730 450 777 tanquam
478 735 557 776 per
584 720 903 762 infundibulum.
964 721 1022 762 Et
1054 720 1110 762 sit
1142 720 1345 761 diameter
1372 719 1586 762 foraminis
1621 719 1847 775 superioris

133 793 164 834 S
185 792 228 837 T
245 791 299 834 ad
318 792 565 834 diametrum
600 791 805 834 inferioris
827 792 866 834 E
888 792 925 833 F
943 799 992 834 ut
1012 797 1067 834 25
1088 791 1143 833 ad
1162 797 1212 833 21
1241 791 1416 841 circiter,
1452 799 1494 832 et
1523 791 1719 841 distantia
1750 805 1848 847 per-

128 864 405 920 pendicularis
424 866 533 906 inter
551 865 676 920 plana
692 865 942 906 foraminum
961 865 1131 921 aequalis
1153 864 1206 906 sit
1224 864 1430 906 diametro
1447 863 1660 904 foraminis
1676 862 1848 904 minoris

131 935 169 977 Ε
191 936 239 978 F.
301 936 358 978 Et
389 936 582 978 velocitas
613 951 734 994 aquae
761 951 785 978 e
813 951 910 978 vase
937 950 1015 991 per
1043 936 1232 978 foramen
1266 937 1299 979 S
1320 935 1362 977 T
1392 935 1582 977 exeuntis
1617 949 1666 976 ea
1699 934 1776 975 erit
1802 934 1848 976 in

126 1007 220 1063 ipso
247 1007 449 1049 foramine
474 1007 669 1050 deorsum
700 1022 825 1063 quam
860 1022 1010 1063 eorpus
1039 1007 1228 1050 cadendo
1254 1022 1279 1049 a
1303 1006 1476 1048 dimidio
1510 1005 1736 1048 altitudinis
1767 1005 1790 1047 I
1813 1004 1849 1048 Z

127 1079 342 1135 acquirere
371 1088 530 1135 potest:
570 1079 766 1122 velocitas
800 1088 939 1122 autem
973 1087 1190 1122 cataractae
1223 1081 1440 1136 utriusque
1471 1079 1656 1121 cadentis
1690 1094 1740 1120 ea
1769 1078 1848 1119 erit

127 1150 171 1192 in
200 1150 402 1193 foramine
433 1151 472 1193 E
493 1151 542 1202 F,
578 1166 703 1207 quam
736 1165 888 1208 corpus
918 1151 1106 1194 cadendo
1135 1151 1189 1194 ab
1222 1151 1439 1202 altitudine
1468 1151 1554 1193 totfi
1590 1150 1613 1192 I
1636 1151 1678 1193 G
1711 1150 1757 1205 (⁸)
1779 1163 1847 1191 ac-

127 1222 274 1278 quiret.

186 1295 278 1336 Cas.
300 1299 340 1335 2.
402 1289 449 1336 Si
481 1293 670 1336 foramen
700 1294 739 1336 E
761 1294 798 1337 F
825 1309 912 1336 non
941 1294 994 1337 sit
1021 1294 1067 1336 in
1094 1294 1236 1337 medio
1266 1295 1386 1337 fundi
1411 1295 1533 1345 vasis,
1570 1294 1646 1336 sed
1670 1293 1847 1335 fundum

125 1366 224 1408 alibi
253 1366 519 1421 perforetur:
556 1358 663 1423 aqua
692 1367 833 1410 effluet
861 1367 1007 1410 eadem
1037 1383 1132 1410 cum
1162 1368 1381 1412 velocitate
1412 1385 1461 1411 ac
1488 1368 1619 1425 prius,
1655 1368 1691 1410 si
1718 1365 1847 1408 modo

126 1439 271 1481 eadem
305 1439 358 1480 sit
391 1439 605 1482 foraminis
644 1441 901 1497 magnitudo.
963 1441 1074 1483 Nam
1105 1455 1234 1498 grave
1267 1441 1414 1497 majori
1449 1441 1620 1497 quidem
1657 1447 1845 1495 tempore

126 1510 342 1552 descendit
372 1510 427 1552 ad
457 1512 633 1553 eandem
663 1511 988 1567 profunditatem
1019 1513 1066 1569 (t)
1086 1527 1164 1569 per
1196 1513 1349 1555 lineam
1375 1514 1586 1570 obliquam
1616 1512 1741 1569 quam
1768 1527 1846 1568 per

123 1581 276 1623 lineam
295 1582 694 1637 perpendicularem,
726 1583 799 1625 sed
819 1583 1112 1626 descendendo
1131 1585 1306 1627 eandem
1326 1585 1587 1627 velocitatem
1606 1584 1782 1641 acquirit
1799 1584 1845 1626 in

123 1661 300 1709 utroque
320 1668 431 1703 casu,
455 1654 507 1709 (¹¹)
529 1661 576 1696 ut
596 1654 797 1696 Galilaeus
817 1654 1128 1698 demonstravit.

183 1721 276 1767 Cas,
309 1731 346 1767 3.
407 1724 569 1767 Eadem
602 1733 665 1767 est
698 1740 817 1782 aquae
847 1726 1043 1768 velocitas
1084 1725 1286 1768 effluentis
1316 1741 1393 1782 per
1422 1726 1611 1769 foramen
1641 1726 1686 1767 in
1714 1726 1845 1769 latere

123 1797 242 1838 vasis.
303 1797 412 1839 Nam
444 1798 479 1838 si
507 1797 695 1839 foramen
722 1812 898 1853 parvum
928 1798 992 1850 sit,
1025 1798 1080 1853 (¹)
1100 1806 1148 1840 ut
1175 1798 1440 1840 intervallum
1469 1799 1577 1840 inter
1603 1797 1843 1854 superficies

168 1925 212 1967 (¹)
230 1928 248 1945 ¹*
266 1927 312 1958 Et
332 1927 446 1966 glacies
469 1928 604 1968 quietem
624 1937 726 1958 suam.
772 1926 873 1957 Sunto
891 1936 963 1958 vasu

125 1967 190 1998 duo
205 1968 335 2007 aequalia
352 1970 382 1998 A
401 1969 429 1999 B
449 1969 480 1999 D
499 1970 536 2006 C,
552 1980 572 2000 ιι
584 1971 606 2000 b
620 1969 679 2004 dc,
695 1969 727 1999 in
743 1978 878 2009 quorum
898 1970 963 2009 pri·

126 2020 180 2040 mo
202 2010 316 2050 glacies
339 2011 442 2041 omnis
462 2011 497 2041 in
519 2022 632 2052 aquam
655 2011 790 2042 resoluta
804 2012 853 2049 sit,
876 2018 908 2042 et
927 2012 963 2042 in

126 2053 223 2082 altero
237 2053 350 2092 glacies
370 2054 506 2092 quietem
527 2063 617 2083 suam
638 2059 804 2090 conservet,
825 2061 862 2084 ut

126 2101 308 2125 cataractam
323 2097 409 2127 abm
419 2095 438 2127 f
444 2105 461 2124 e
475 2105 498 2125 n
524 2095 687 2126 formando
701 2095 807 2126 effluat
816 2097 963 2134 perfora-

126 2147 200 2168 men
214 2147 232 2167 e
246 2137 264 2166 f
274 2138 400 2168 sectioni
413 2147 499 2167 veum
512 2144 676 2168 contractae
690 2148 708 2168 e
721 2138 874 2168 foramine
890 2138 920 2168 E
936 2138 964 2169 F

128 2179 282 2210 exilientis
302 2179 439 2220 oequale3
466 2186 498 2210 et
521 2180 589 2210 loco
612 2180 691 2210 vasis
718 2182 750 2211 A
768 2181 797 2211 B
815 2180 849 2210 D
868 2181 905 2217 C,
929 2180 963 2211 in

131 2221 335 2253 Problematis
343 2222 497 2253 solutione
504 2222 647 2253 substitui
655 2223 767 2261 poterit
772 2232 824 2253 vas
829 2222 963 2253 alterum

126 2275 146 2295 a
160 2266 180 2294 b
194 2264 217 2294 d
230 2275 257 2301 c,
283 2265 321 2295 in
341 2275 406 2305 quo
426 2275 516 2305 aquae
536 2275 591 2304 per
611 2265 719 2295 lumen
740 2276 758 2296 e
772 2266 791 2295 f
807 2265 961 2296 effluentis

126 2306 235 2337 eadem
249 2314 294 2338 est
309 2307 452 2338 velocitas
465 2317 562 2348 quam
576 2317 656 2348 aqua
670 2318 688 2337 e
701 2318 772 2338 vase
788 2308 819 2338 A
838 2308 867 2338 Β
885 2308 918 2338 D
933 2307 960 2339 C

126 2349 255 2380 exiliens
266 2350 377 2380 babet'
368 2360 400 2379 m
412 2350 548 2380 sectione
556 2360 642 2380 venae
653 2356 828 2386 contractae,
839 2349 962 2380 eadem-

126 2402 188 2432 que
201 2392 331 2431 proinde
345 2403 434 2432 aquae
448 2392 603 2433 quantitas
616 2392 650 2422 in
665 2391 850 2423 defluxum
840 2402 882 2422 nn
924 2402 962 2422 ιι-

126 2433 219 2471 ditur,
242 2442 274 2465 et
288 2434 447 2474 propterea
467 2434 550 2466 idem
565 2445 652 2475 aquae
666 2435 789 2474 pondus
799 2434 880 2465 fund

127 2477 291 2508 cumbitin
306 2484 440 2518 utroque
461 2488 540 2508 vase.
590 2477 748 2513 Quoniam
771 2477 855 2507 enim
879 2483 964 2508 cata-

126 2525 218 2550 ractae
233 2530 252 2550 a
265 2521 328 2552 bm
338 2519 381 2550 fe
398 2529 422 2549 n
451 2519 552 2560 figura
565 2526 597 2550 et
610 2520 660 2550 lex
675 2519 847 2550 secundum
867 2528 964 2560 quam

126 2570 208 2601 aqua
221 2562 372 2594 cataracta
385 2561 440 2593 illa
455 2569 597 2593 movetur
617 2568 699 2592 notae
721 2568 803 2598 sunt,
833 2562 963 2593 Proble-

127 2603 219 2635 matis
243 2604 355 2636 solutio
375 2611 407 2635 et
428 2605 548 2635 facilior
567 2610 599 2635 et
621 2604 722 2646 magis
745 2603 963 2635 mathematica

129 2645 192 2682 fiet,
219 2646 244 2676 si
265 2646 334 2678 loeo
354 2647 434 2678 vasis
450 2648 480 2678 A
500 2648 529 2678 B
547 2647 580 2678 D
598 2647 624 2678 C
641 2653 745 2678 mente
759 2646 964 2700 substituatur

127 2697 182 2718 vas
195 2698 214 2718 a
226 2689 248 2719 b
262 2689 283 2719 d
297 2699 323 2719 c.

120 2749 122 2751 ·
173 2729 200 2771 ('
203 2730 216 2769 )
233 2731 251 2750 ⁸
268 2732 427 2773 Aequine.
475 2732 558 2763 Haec
572 2741 611 2762 ex
632 2730 726 2771 supra
747 2731 963 2762 demonstratis

127 2778 243 2812 patent.

174 2814 217 2856 (ι)
235 2817 254 2835 ⁸
271 2818 335 2847 Per
347 2818 461 2848 lineam
476 2818 642 2858 obliquam.
690 2817 731 2847 In
745 2817 805 2847 hoc
825 2815 962 2847 secundo

129 2866 203 2887 mu
226 2868 300 2931 par?-
316 2868 405 2900 aquae
425 2869 480 2898 per
501 2859 598 2890 lineas
612 2859 650 2890 ad
668 2859 808 2890 foramen
821 2859 962 2901 obliquas

129 2898 241 2930 descen
243 2901 275 2930 dx

129 2982 160 3015 Ι
166 2942 204 3024 )('¹
207 2943 220 2982 )
233 2945 249 2963 ¹*
260 2944 302 2974 Ut
315 2944 462 2976 Galilaeus
471 2946 689 2977 demonstrande
702 2945 768 2986 (81.
781 2949 813 2974 et
823 2947 872 2976 85.
886 2944 958 2976 Lib.

174 3027 222 3068 (¹)
240 3029 313 3059 275.
347 3029 366 3048 ⁰
396 3030 438 3060 Ut
459 3031 659 3061 intervallum
684 3031 766 3061 inter
787 3031 962 3077 superficies

129 3032 352 3102 A(BetKL.
399 3071 669 3105 IHestndIG
690 3071 862 3103 iuratione

130 3110 306 3152 druplicata
330 3112 473 3145 diametri
499 3114 530 3145 Ε
554 3114 582 3145 F
605 3114 646 3146 nd
670 3114 857 3146 diametrum
880 3082 963 3147 2⁸33
