2066 3548
262 279 346 316 284

264 386 477 422 mutabuntur,
499 384 575 415 dum
596 384 630 414 in
647 383 802 423 portiones
817 383 976 414 ulteriores
996 382 1090 413 medii

265 427 434 458 celeritates
448 427 549 466 primo
569 432 700 465 receptae
720 431 938 466 propagantur,
959 424 1091 465 ideoque

266 475 331 500 tota
354 469 521 500 vibratione
545 466 686 499 absoluta
707 477 854 498 numerus
874 467 1092 506 particularum

267 511 450 551 agitaturum
465 511 580 550 duplus
590 511 648 540 erit
662 510 729 550 ejus
743 519 837 549 quem
851 509 884 539 in
899 509 1026 540 dimidia
1046 509 1091 539 vi-

265 554 402 584 bratione
417 559 640 588 notaveramus,
655 561 725 590 pars
739 551 868 582 dimidia
881 551 1026 582 remotior
1045 557 1092 582 est

263 594 357 634 plane
370 594 494 635 aequalis
508 594 554 624 illi
568 594 607 624 de
621 592 684 634 qua
698 593 797 633 primo
819 599 923 624 actum
945 599 990 623 est
1005 599 1036 623 et
1049 594 1091 623 si-

265 637 378 668 militer
396 637 569 673 constituta,
595 646 664 675 pars
684 636 805 666 citerior
825 634 897 666 vero
917 635 1090 676 negativam

265 680 450 710 celeritatem
471 679 620 709 obtinebit
634 685 666 709 et
679 678 906 715 dilatationem3
929 678 996 718 ejus
1016 677 1090 708 cite-

264 721 353 751 rioris
371 721 467 759 partis
487 720 587 760 portio
608 720 809 751 remotiffiima
822 731 841 750 a
855 719 932 750 fibra
952 720 1090 758 primum

265 763 426 793 celeritatis
440 763 524 794 fibrae
538 763 739 803 regredientis
759 762 891 803 gradum
906 762 1036 799 babebit,
1059 767 1090 793 et

265 805 365 844 portio
379 805 464 836 fibrae
478 805 617 844 proxima
630 805 776 836 ultimum
793 805 940 846 (quietem
950 804 1087 844 nempe),

265 848 368 878 media
381 847 480 886 portio
493 847 641 884 medium,
658 848 717 882 hoc
731 852 777 876 est
790 846 958 877 retrocedet
972 845 1010 877 ea
1024 847 1089 886 ipsa

265 889 419 920 celeritate
432 887 496 930 quii.
508 889 647 920 medium
670 889 819 920 ulterioris
839 890 933 928 partis
953 889 1090 928 procedit

265 938 296 962 et
317 931 508 962 dilatationes
521 932 582 962 illis
597 931 800 962 celeritatibus
822 931 968 971 negativis
989 941 1087 962 corre-

265 973 468 1013 spondebunt,
498 971 630 1014 ideoque
651 974 685 1003 in
706 973 809 1004 medio
831 973 915 1004 illius
943 973 1089 1012 proximae

264 1016 412 1055 portionis
434 1016 569 1046 maxima
590 1015 648 1046 erit
670 1015 806 1046 dilatatio
827 1022 864 1047 ut
884 1021 916 1046 et
935 1015 1089 1048 maximus

264 1068 429 1099 regressus.

307 1102 464 1132 Secundus
477 1102 581 1131 Casus.
610 1099 705 1135 Quod
713 1099 739 1129 si
747 1099 871 1140 singula
884 1100 1086 1138 tempuscula,

265 1143 378 1183 quibus
391 1142 573 1172 durantibus
586 1142 729 1172 velocitas
749 1142 834 1172 fibrae
855 1142 1016 1172 uniformis
1030 1142 1088 1172 fin-

264 1184 357 1225 gitur,
380 1184 510 1224 aequalia
530 1194 593 1215 non
613 1185 684 1219 sint,
707 1182 815 1215 eidem
836 1184 953 1214 ratione
974 1184 1088 1215 intelli-

263 1232 377 1267 gentur
394 1223 520 1257 effectus
534 1226 619 1257 fibrae
633 1226 666 1256 in
680 1232 781 1265 partes
801 1226 904 1263 medii,
927 1226 986 1256 nisi
1006 1227 1089 1267 quod

263 1269 418 1308 portiones
432 1268 525 1299 medii
540 1279 610 1309 quae
623 1268 753 1309 singulis
764 1268 938 1300 successivis
949 1268 1090 1300 velocita-

263 1310 303 1341 tis
317 1310 464 1351 gradibus
485 1312 623 1352 gaudent
638 1321 700 1341 nou
715 1311 776 1341 sint
790 1310 930 1351 aequaleS,
946 1310 1000 1341 sed
1022 1312 1091 1352 (per

264 1359 330 1384 not.
352 1352 419 1392 19.)
443 1352 504 1383 sint
525 1353 605 1383 sicut
625 1360 762 1392 tempora
782 1353 895 1393 quibus
910 1352 1091 1384 durantibus

263 1395 396 1435 singulae
409 1395 471 1425 illae
483 1395 656 1425 velocitates
670 1396 702 1425 in
718 1395 795 1426 fibra
808 1401 1048 1434 permanserunt.

312 1439 432 1468 Tertius
445 1440 548 1469 Casus.
577 1438 727 1473 Quamvis
737 1444 841 1468 autem
854 1437 937 1467 fibrae
948 1438 1089 1468 velocitas

263 1479 352 1509 nullo
366 1479 559 1519 tempusculo
573 1480 735 1509 uniformis
743 1485 866 1510 maneat
875 1479 927 1510 sed
942 1480 1089 1510 continuo

264 1521 458 1558 acceleretur,
488 1521 596 1552 eodem
621 1528 726 1552 tamen
750 1522 844 1552 modo
869 1521 944 1552 fibra
965 1529 1035 1563 aget
1054 1523 1088 1552 in

263 1563 404 1595 medium
417 1574 453 1593 ac
466 1563 493 1593 si
506 1562 610 1594 revera
624 1564 767 1594 velocitas
780 1564 847 1606 ejus
868 1570 1014 1596 cresceret
1033 1575 1089 1604 per

263 1606 423 1636 intervalla
435 1606 590 1644 temporis,
605 1612 637 1636 et
647 1605 778 1636 durante
789 1607 983 1645 tempusculo
993 1617 1088 1647 quam

262 1648 393 1678 minimo
416 1648 484 1689 (sed
506 1648 608 1688 finito)
630 1648 794 1679 uniformis
818 1655 972 1686 maneret3
995 1649 1088 1690 idque

262 1696 423 1729 propterea
436 1689 520 1730 quod
533 1689 693 1721 intervalla
712 1691 791 1722 inter
811 1690 974 1729 particulas
995 1691 1087 1722 medii

263 1739 336 1762 sunt
356 1732 452 1763 finitae
473 1732 658 1773 quantitates
672 1742 736 1763 nou
750 1731 821 1763 vero
835 1733 954 1764 infinite
976 1743 1086 1772 parva;

263 1785 336 1804 nam
351 1785 405 1814 per
419 1781 506 1805 notas
516 1777 546 1804 4.
559 1781 590 1805 et
601 1778 630 1806 5.
650 1775 758 1805 nullus
767 1781 871 1805 motus
879 1785 915 1805 ex
926 1782 1041 1814 puncto
1055 1778 1086 1806 A

262 1817 295 1846 in
316 1823 468 1855 punctum
486 1817 514 1846 B
529 1816 656 1846 transire
670 1823 777 1855 potest,
800 1816 859 1846 nisi
880 1823 1030 1856 punctum
1054 1818 1086 1848 A

263 1859 441 1897 processerit
472 1857 559 1888 finita
589 1857 873 1898 quantulacumque
907 1860 1084 1898 quantitate,

262 1898 404 1940 ideoque,
427 1899 486 1929 nisi
500 1899 576 1930 fibra
589 1910 659 1939 quae
682 1906 770 1940 urget
790 1906 941 1939 punctum
958 1903 986 1930 A
1003 1901 1085 1932 velo-

262 1942 384 1972 citatem
398 1941 518 1971 finitam
532 1941 566 1971 in
579 1952 616 1972 eo
630 1942 819 1982 generaverit
842 1943 892 1982 (ut
906 1942 965 1972 fert
986 1944 1084 1983 hypo-

261 1984 356 2014 thesis
372 1983 574 2014 Problematis
585 1989 647 2014 not.
660 1983 708 2023 9.)
719 1996 729 2020 ;
745 1983 810 2023 pari
821 1985 978 2015 ratiocinio
986 1995 1083 2024 punc-

261 2030 330 2055 tum
347 2025 375 2055 B
391 2035 455 2055 non
469 2027 578 2056 sentiet
592 2026 778 2056 incrementa
793 2026 958 2056 velocitatis
977 2028 1084 2066 puncti

264 2068 307 2104 A,
323 2067 382 2097 nisi
395 2073 556 2107 postquam
570 2068 794 2098 incrementum
808 2068 930 2098 finitum
940 2069 1082 2100 velocita-

261 2110 301 2140 tis
314 2110 347 2139 in
362 2119 399 2139 eo
419 2110 560 2150 genitum
574 2109 669 2140 fuerit
691 2112 770 2150 (not.
788 2112 818 2141 5.
836 2117 868 2142 et
882 2111 948 2150 20).
995 2111 1084 2153 Ergo

260 2151 338 2182 fibra
358 2151 422 2192 agit
435 2151 469 2180 in
482 2152 621 2182 medium
642 2152 730 2192 quasi
749 2152 871 2194 singulo
892 2154 1084 2193 tempusculo

263 2194 389 2236 (aequali
413 2193 462 2224 vel
481 2193 640 2234 inaequali)
667 2195 734 2234 ejus
756 2195 897 2226 velocitas
922 2196 1084 2227 uniformis

260 2236 456 2275 perstitisset3
478 2235 661 2277 intelligitur
682 2246 756 2278 ergo
770 2238 897 2268 effectus
911 2238 1085 2269 vibrationis

261 2278 346 2308 fibrae
359 2278 392 2308 in
407 2279 508 2308 aiirem
523 2288 578 2317 per
591 2279 725 2318 primum
741 2286 771 2310 et
785 2279 956 2311 secundum
977 2290 1083 2312 casum

260 2321 389 2361 hujusce
403 2320 677 2352 demonstrationis.
723 2323 765 2358 Q.
781 2333 808 2352 e.
826 2323 848 2352 i·

303 2365 354 2394 ⁶25.
391 2363 508 2393 Totum
533 2369 635 2394 autem
657 2364 789 2403 spatium
815 2365 903 2405 cujus
926 2365 1083 2404 particulae

261 2410 423 2435 commotae
443 2404 571 2436 fuerunt
595 2406 725 2437 durante
746 2406 866 2448 integra
879 2407 964 2438 fibrae
985 2408 1081 2438 vibra-

260 2447 344 2479 tione
357 2458 376 2478 a
391 2447 545 2478 Newtono
559 2448 666 2487 pulsus
679 2455 814 2487 vocatur,
830 2455 861 2480 et
874 2451 899 2480 si
914 2450 1082 2480 vibratione

259 2490 400 2521 absoluta
413 2490 489 2520 fibra
503 2490 679 2530 quiesceret,
695 2501 814 2531 semper
828 2492 957 2523 ulterius
971 2502 1079 2532 propa·

258 2538 385 2573 garetur
398 2532 450 2563 ille
464 2532 590 2571 pulsus;
612 2543 686 2563 nam
706 2539 789 2564 totus
810 2533 862 2564 ille
875 2534 983 2574 pulsus
999 2535 1079 2575 (rno-

259 2581 366 2605 mento
379 2585 442 2615 quo
452 2575 618 2605 absolvitur
630 2576 773 2616 vibratio)
796 2576 912 2607 divisus
925 2577 1078 2618 intelliga-

260 2623 312 2647 tur
326 2618 359 2646 in
373 2617 528 2656 por-tinniet
538 2617 669 2648 totidem
679 2624 755 2657 quot
764 2618 907 2657 temporis
921 2619 1079 2650 intervalla

259 2658 296 2689 in
309 2659 494 2689 vibi-ationis?
499 2659 660 2691 duratione
674 2660 801 2691 fuerunt
821 2668 986 2700 assumpta,
1009 2671 1079 2702 quae

259 2701 584 2741 temporis'intervalh
604 2701 756 2733 facilitatis
770 2712 843 2744 ergo
857 2704 986 2744 aequalia
1006 2714 1079 2743 sup·

259 2750 422 2782 ponantur,
447 2743 571 2785 singula
585 2745 683 2783 portio
697 2745 793 2776 medii
807 2755 875 2776 eam
890 2746 1080 2777 velocitatem

259 2786 383 2816 habebit
395 2796 488 2826 quam
503 2787 612 2818 babuit
625 2787 737 2824 chorda
748 2788 780 2817 in
791 2795 947 2818 momento
960 2789 1018 2827 ipsi
1032 2799 1078 2819 re-

260 2827 431 2866 spondenti,
447 2828 559 2860 ultima
572 2830 672 2869 portio
686 2830 749 2860 sive
757 2831 958 2861 remotissima
972 2841 990 2861 a
1004 2831 1079 2861 fibra

259 2879 327 2899 eam
334 2870 455 2901 habebit
461 2871 646 2903 celeritatem
652 2882 743 2912 quam
750 2872 825 2903 fibra
829 2873 974 2904 habuerat
980 2874 1080 2912 primo

259 2910 392 2949 instanti,
416 2914 586 2952 penultima
598 2915 698 2954 portio
711 2925 779 2945 eam
794 2915 976 2946 celeritatem
991 2916 1081 2946 habet

259 2963 351 3000 quam
364 2955 439 2985 fibra
449 2956 556 2987 habuit
564 2957 698 2987 secundo
707 2957 844 2994 instanti,
858 2958 913 2988 διο.
927 2969 938 2996 ;
952 2967 1080 2998 sequeu-

259 3001 283 3024 ti
299 2995 369 3026 vero
384 2999 577 3036 tempusculo
597 2999 708 3030 ultima
727 3001 828 3038 portio
849 3000 957 3040 pulsus
969 3001 1010 3030 ad
1023 3010 1079 3030 no-

259 3046 329 3066 vam
343 3039 514 3076 portionem
528 3041 585 3072 sibi
594 3042 744 3082 aequalem
758 3049 789 3073 et
803 3042 978 3074 ulteriorem
991 3052 1080 3073 suain

259 3078 450 3127 velocitatem
474 3084 654 3124 propagabit
683 3085 791 3126 (hujus
815 3084 884 3125 21.)
911 3084 986 3115 dum
1015 3084 1082 3123 ipsa

259 3129 402 3162 suscipiet
413 3124 591 3162 penultimae
602 3127 749 3166 portionis
760 3127 955 3166 celeritatem,
971 3127 1082 3167 penul-

1926 207 1939 223 N

687 270 1139 316 PHILOSOPHIAE
1168 271 1528 315 NATURALIS
1600 274 1961 325 [Moneonron.

1131 382 1208 414 tima
1223 382 1294 414 vero
1308 382 1408 421 portio
1417 382 1601 414 celeritatem
1613 385 1878 424 antepenultima,
1891 386 1963 424 δια,

1132 430 1237 464 postea
1250 425 1345 455 altero
1359 425 1504 464 temporis
1525 425 1686 457 intervallo
1699 427 1740 457 ad
1754 427 1883 459 alteram
1905 425 1963 459 no.

1133 477 1204 497 vam
1218 468 1390 506 portionem
1404 468 1580 498 ulteriorem
1596 469 1696 508 prima
1706 469 1842 500 celeritas
1852 479 1962 511 propa-

1134 508 1267 550 gabitur,
1290 516 1322 540 et
1342 509 1478 540 secunda
1499 510 1636 540 celeritas
1650 509 1683 540 in
1698 511 1799 550 prima
1819 512 1962 552 portione

1133 551 1206 580 novi
1221 551 1307 582 istius
1321 552 1428 592 pulsus
1449 553 1655 593 generabitur,
1678 553 1781 594 sicque
1795 554 1956 594 deinceps:

1134 602 1232 623 novus
1245 603 1319 634 ergo
1333 594 1441 633 pulsus
1455 595 1638 625 formabitur
1647 595 1739 634 plane
1747 596 1855 627 similis
1865 597 1960 637 priori

1132 635 1290 675 aequaliter
1303 642 1455 673 extensus,
1472 637 1583 678 aequali
1598 637 1752 668 celeritate
1772 638 1806 668 in
1826 637 1959 681 singulis

1131 678 1268 716 partibus
1288 678 1420 709 donatus
1443 679 1573 719 (semota
1587 685 1624 709 ut
1636 679 1703 709 dixi
1717 680 1959 712 consideratione

1132 720 1267 758 partium
1280 720 1518 761 circumquaque
1532 722 1701 760 positarum
1717 732 1843 763 remque
1855 724 1957 757 consi.

1132 761 1267 792 derando
1288 762 1374 802 quasi
1395 762 1434 793 de
1454 764 1592 802 partibus
1605 764 1638 794 in
1652 764 1735 794 linea
1748 764 1832 796 recta
1851 765 1958 806 positis

1132 803 1224 834 unice
1237 804 1404 844 ageretur).
1903 839 1908 846 x

1175 850 1226 878 26.
1251 847 1323 886 Ipse
1338 854 1443 877 autem
1456 847 1576 886 primus
1588 847 1696 887 pulsus
1709 849 1832 888 penitus
1853 849 1956 890 quiet-

1132 888 1174 919 cit
1187 889 1311 929 quando
1338 889 1371 918 in
1390 889 1560 920 secundum
1576 896 1659 920 totus
1679 891 1798 922 transiit
1819 891 1844 921 si
1867 892 1956 924 nulla

1132 941 1212 961 nova
1239 931 1360 961 chordae
1384 931 1510 972 agitatio
1534 932 1686 969 succedat,
1718 943 1790 963 nam
1818 933 1957 967 celeritas

1131 973 1280 1012 portionis
1300 973 1408 1012 pulsus
1429 983 1499 1013 quae
1519 973 1603 1004 fibrae
1625 974 1763 1013 proxima
1775 982 1822 1006 est
1834 986 1955 1008 succe·-

1131 1014 1199 1046 sive*
1219 1015 1258 1046 ad
1280 1022 1441 1056 sequentes
1464 1016 1620 1054 portiones
1639 1017 1748 1047 transit
1767 1016 1845 1047 dum
1857 1027 1956 1049 novus

1130 1058 1238 1096 pulsus
1251 1058 1412 1094 formatur,
1427 1058 1481 1088 sed
1494 1058 1630 1088 celeritas
1639 1059 1704 1099 ejus
1714 1059 1862 1098 portionis
1871 1059 1956 1091 fibtoe

1131 1099 1279 1138 proximae
1293 1107 1339 1130 est
1352 1100 1462 1130 ultima
1483 1100 1568 1131 fibrae
1593 1100 1729 1132 celeritas
1750 1112 1820 1142 quae
1841 1102 1874 1132 in
1895 1101 1955 1133 bac

1129 1143 1204 1181 hyp.
1230 1148 1276 1172 est
1295 1142 1390 1182 quies,
1417 1142 1471 1172 sed
1491 1143 1546 1173 ubi
1567 1142 1675 1181 pulsus
1699 1143 1853 1174 secundus
1872 1150 1957 1176 totus

1131 1183 1280 1214 foi-matus
1294 1190 1349 1221 est,
1365 1185 1504 1215 celeritas
1518 1185 1664 1224 portionis
1674 1185 1783 1224 pulsus
1792 1195 1863 1226 quoe
1870 1186 1956 1218 fibrae

1131 1228 1269 1266 proxima
1283 1234 1347 1258 erat
1359 1227 1399 1257 ad
1413 1226 1535 1257 initium
1551 1227 1678 1257 secundi
1689 1227 1797 1266 pulsus
1807 1234 1852 1262 est
1860 1234 1957 1261 trano-

1132 1268 1194 1299 lata
1208 1274 1238 1299 et
1252 1279 1306 1308 per
1319 1279 1427 1299 omnes
1441 1275 1541 1309 partes
1555 1269 1663 1308 pulsus
1683 1270 1775 1308 primi
1789 1269 1958 1302 successive

1132 1311 1260 1348 transiit,
1283 1310 1413 1352 ideoque
1433 1311 1467 1341 in
1488 1311 1591 1352 quiete
1605 1321 1656 1342 eas
1677 1312 1835 1343 constituit
1848 1313 1881 1342 in
1893 1312 1958 1354 qua

1133 1360 1365 1392 permanserunt
1386 1353 1474 1384 nulla
1487 1353 1670 1384 succedente
1684 1354 1764 1384 nova
1777 1354 1953 1395 agitatione.

1176 1399 1226 1427 27.
1251 1394 1345 1431 Quod
1360 1396 1385 1426 si
1399 1396 1511 1427 chorda
1525 1405 1636 1426 novam
1645 1396 1844 1426 vibrationem
1853 1396 1954 1435 faciat,

1131 1444 1167 1468 ut
1182 1438 1292 1475 evenit,
1308 1439 1485 1469 restituetur
1499 1439 1616 1477 primus
1627 1438 1735 1476 pulsus
1746 1438 1870 1479 aequalis
1878 1449 1956 1478 prae-
1999 1440 2004 1449 “

1131 1480 1250 1510 cedenti
1259 1481 1490 1522 qualiscumque
1503 1480 1542 1510 sit
1553 1481 1618 1521 ejus
1629 1480 1804 1511 vibrationis
1814 1480 1956 1512 velocitas

1131 1521 1265 1560 initialis,
1282 1533 1355 1553 nam
1369 1524 1524 1554 dividatur
1537 1523 1631 1553 totius
1641 1522 1815 1553 vibrationis
1828 1523 1957 1564 hujusce

1130 1570 1253 1604 tempus
1273 1565 1306 1594 in
1328 1566 1457 1596 totidem
1478 1570 1579 1604 partes
1607 1565 1740 1604 aequales
1762 1565 1900 1604 partibus
1920 1567 1955 1596 in

1130 1616 1205 1646 quas
1227 1614 1348 1646 tempus
1369 1608 1476 1647 primae
1496 1606 1673 1637 vibrationis
1693 1606 1827 1637 divisum
1841 1606 1953 1645 fuerat,

1130 1649 1213 1689 quod
1227 1649 1294 1689 fieri
1308 1656 1409 1689 potest
1422 1660 1494 1680 cum
1507 1649 1688 1679 vibrationes
1699 1649 1761 1679 sint
1773 1649 1954 1687 isocbronae,

1130 1691 1197 1722 istae
1221 1698 1320 1731 partes
1345 1692 1491 1732 temporis
1515 1691 1647 1731 aequales
1668 1697 1760 1722 erunt
1779 1691 1816 1722 iis
1829 1698 1901 1732 quae
1921 1691 1955 1722 in

1130 1734 1314 1772 praecedenti
1335 1734 1503 1765 vibratione
1524 1739 1688 1772 assumptae
1707 1733 1855 1771 fuerunt3
1881 1732 1955 1770 dato

1130 1783 1234 1807 autem
1248 1783 1385 1815 tempore
1399 1786 1547 1806 numerus
1560 1775 1779 1814 particularum
1799 1785 1953 1815 compres-

1130 1827 1232 1848 sarum
1247 1823 1292 1848 est
1306 1828 1425 1856 semper
1438 1818 1521 1848 idem
1541 1817 1774 1866 qualiscumque
1787 1817 1827 1847 sit
1840 1817 1953 1848 veloci·

1128 1865 1175 1889 tas
1199 1862 1245 1901 (n.
1273 1864 1322 1891 19.
1341 1860 1495 1899 hujusce).
1544 1859 1633 1898 Ergo
1655 1859 1806 1898 siquidem
1829 1859 1953 1900 singulo

1127 1901 1252 1931 instanti
1267 1902 1338 1931 dato
1353 1901 1480 1931 totidem
1494 1907 1594 1941 partes
1607 1901 1863 1939 comprimuntur,
1878 1901 1954 1933 toth

1126 1943 1258 1983 demque
1272 1950 1345 1974 sunt
1358 1943 1503 1973 instantia
1524 1942 1596 1973 data
1609 1942 1642 1972 in
1657 1943 1878 1974 vibrationibus
1889 1942 1952 1974 iso-

1126 1985 1258 2022 chronis,
1280 1986 1389 2024 pulsus
1402 1985 1442 2015 ad
1456 1984 1585 2015 totidem
1605 1984 1770 2023 particulas
1789 1984 1824 2015 in
1843 1985 1953 2026 quivis

1126 2027 1295 2058 vibratione
1309 2026 1469 2057 isochrona
1484 2027 1673 2057 extendetur.
1857 2032 1860 2036 ’

1169 2072 1220 2099 28.
1262 2070 1295 2100 Si
1323 2079 1377 2109 per
1404 2069 1597 2099 velocitatem
1624 2067 1732 2108 pulsus
1759 2068 1951 2111 intelligatur

1127 2112 1215 2151 (cum
1231 2111 1399 2152 Newtono)
1416 2111 1558 2142 distantia
1568 2110 1609 2141 ad
1621 2120 1715 2150 quani
1729 2111 1836 2151 pulsus
1843 2117 1950 2143 exten-

1126 2153 1209 2184 ditur
1223 2153 1317 2184 divisa
1330 2164 1385 2193 per
1398 2160 1523 2192 tempus
1533 2162 1596 2193 quo
1609 2153 1717 2192 pulsus
1737 2153 1776 2184 ad
1796 2163 1866 2184 eam
1886 2153 1955 2188 dim,

1126 2196 1255 2226 tantiam
1276 2196 1422 2235 pervenit,
1448 2196 1517 2226 dico
1542 2195 1649 2235 pulsus
1669 2195 1702 2224 in
1723 2195 1832 2226 eodem
1845 2195 1950 2233 medio

1126 2248 1190 2268 esse
1218 2247 1324 2268 omnes
1351 2238 1550 2278 aequiveloces
1576 2247 1778 2278 quaecumque
1801 2237 1842 2268 sit
1862 2237 1948 2270 fibra

1125 2280 1252 2319 pulsum
1265 2280 1462 2320 producentis
1476 2280 1621 2311 vibratio:
1649 2279 1684 2310 id
1703 2280 1770 2320 jam
1789 2279 1888 2320 liquet
1905 2280 1947 2315 de

1125 2322 1344 2353 vibrationibus
1358 2322 1525 2353 isochronis
1539 2322 1571 2352 iu
1587 2321 1699 2362 quibus
1708 2329 1844 2361 tempore
1853 2321 1947 2354 um’us

1125 2364 1301 2395 vibrationis
1314 2365 1354 2396 ad
1368 2365 1496 2395 totidem
1510 2371 1610 2403 partes
1625 2363 1732 2404 pulsus
1747 2371 1944 2405 propagatur,

1124 2405 1256 2447 ideoque
1269 2407 1386 2448 aequale
1399 2407 1532 2446 spatium
1547 2406 1657 2446 aequali
1671 2412 1807 2445 tempore
1820 2415 1944 2446 percur-

1122 2450 1172 2486 rit,
1188 2455 1292 2488 postea
1305 2445 1375 2480 v'ero
1385 2449 1469 2479 idem
1483 2449 1591 2488 pulsus
1601 2447 1739 2479 similiter
1748 2455 1943 2489 propagatur,

1122 2490 1177 2522 sed
1197 2491 1230 2522 id
1251 2492 1361 2531 pariter
1381 2501 1488 2522 verum
1503 2497 1549 2521 est
1561 2490 1601 2521 de
1615 2490 1832 2522 vibrationibus
1846 2496 1944 2522 etero-

1121 2534 1261 2572 chronis;
1277 2533 1452 2565 dividantur
1466 2533 1550 2564 enim
1563 2532 1726 2573 inaequalia
1739 2532 1944 2567 vibrationum

1121 2583 1259 2615 tempora
1273 2577 1306 2606 in
1320 2575 1446 2607 totidem
1468 2576 1612 2615 utrinque
1635 2574 1830 2613 tempuscula
1850 2575 1944 2611 mid-

1121 2629 1174 2648 ma
1187 2629 1256 2659 quae
1271 2618 1343 2651 totis
1353 2618 1540 2657 temporibus
1554 2617 1614 2647 sint
1626 2615 1870 2656 proportionalia,
1882 2627 1943 2649 nu-

1122 2671 1225 2692 merus
1245 2660 1378 2700 partium
1392 2669 1632 2699 compressurum
1654 2659 1786 2700 singulis
1805 2662 1943 2700 tempus-

1122 2703 1199 2734 culis
1208 2703 1331 2734 diversis
1341 2710 1413 2734 sunt
1424 2702 1484 2732 illis
1491 2700 1691 2741 tempusculis
1705 2698 1945 2741 proportionale·

1124 2747 1169 2788 (n.
1193 2750 1238 2778 19.
1252 2745 1394 2786 hujusce)
1409 2742 1541 2785 ideoque
1555 2743 1627 2774 totis
1642 2743 1850 2775 vibrationuin
1862 2742 1942 2774 teui-

1122 2789 1247 2828 poribus
1260 2786 1506 2828 proportionales,
1523 2785 1576 2816 sed
1590 2785 1621 2815 in
1637 2785 1762 2827 singuli
1775 2785 1942 2818 vibratione

1121 2830 1249 2861 totidem
1271 2829 1462 2870 tempuscula
1482 2835 1638 2867 assumpta
1657 2833 1739 2866 sunt,
1763 2838 1838 2870 ergo
1857 2829 1942 2866 totu·

1122 2883 1269 2905 numerus
1293 2872 1426 2912 partium
1446 2881 1516 2911 quae
1537 2870 1697 2910 singulum
1718 2870 1845 2910 pulsum
1867 2871 1941 2906 eoa.

1122 2916 1256 2946 stituunt
1276 2922 1322 2946 est
1342 2912 1573 2954 proportionalis
1600 2913 1726 2952 tempori
1751 2912 1936 2944 vibi-azioni·-

1127 2957 1186 2989 Sed
1201 2957 1342 2988 distantia
1363 2955 1402 2987 ad
1422 2965 1515 2996 quam
1530 2955 1667 2994 pervenit
1681 2954 1788 2994 pulsus
1802 2961 1849 2986 cst
1861 2955 1940 2991 δεώ-

1121 3010 1176 3041 per
1197 3009 1326 3030 numero
1353 2997 1486 3039 partium
1515 2997 1757 3037 proportionalis·
1802 2995 1941 3038 Ideoque

1122 3043 1266 3074 distantia
1287 3041 1326 3072 ad
1349 3050 1443 3082 quam
1465 3039 1602 3079 pervenit
1623 3039 1731 3078 pulsus
1751 3045 1797 3070 eat
1810 3039 1940 3082 tempori

1123 3084 1297 3116 vibratiouis
1304 3081 1546 3124 proportionalis,
1558 3081 1614 3112 sed'
1625 3081 1767 3111 velocitas
1777 3081 1885 3121 pulsus
1895 3086 1943 3123 est

1124 3127 1267 3159 distantia
1276 3126 1318 3158 ad
1329 3135 1420 3167 quam
1436 3125 1572 3165 pervenit
1583 3123 1678 3155 divisa
1686 3132 1740 3163 per
1748 3129 1869 3163 tempus
1879 3132 1942 3164 quo
