2066 3548
1990 190 2008 202 b

276 225 358 262 258
706 221 1154 266 PHILOSOPHIAE
1187 221 1546 266 NATURALIS
1620 223 1986 293 [Mor.CoRron.,

273 332 527 389 singularum
550 343 687 390 partes
716 334 937 386 altissimae,
970 335 1143 377 vallibus
1163 334 1335 376 totidem
1355 334 1608 376 intermediis
1628 335 1680 377 ab
1699 336 1874 378 invicem
1894 319 1979 394 disi·

272 405 423 447 tinctae.
484 407 619 463 Igitur
647 408 842 463 quoniam
871 423 976 464 aqua
1002 408 1045 448 in
1073 407 1278 465 undarum
1297 407 1409 463 jugis
1430 406 1551 448 altior
1571 416 1632 449 est
1653 423 1776 464 quam
1796 409 1840 450 in
1860 409 1981 457 fluidi

269 477 456 532 partibus
476 478 654 519 immotis
678 479 716 520 L
740 478 795 529 K,
820 478 862 520 N
883 478 938 529 O,-
969 478 1122 519 defluet
1142 477 1285 519 eadem
1305 477 1357 518 de
1371 478 1570 533 jugorum
1590 478 1773 519 terminis
1795 494 1830 529 e,
1848 495 1889 536 g,
1907 479 1934 530 i,
1948 478 1990 529 l,

269 548 345 590 διο.
367 549 408 599 (1,
430 549 458 599 f,
482 549 522 599 h,
545 549 586 598 k,
608 550 683 590 διο.
707 549 807 590 hinc
827 549 923 591 inde
950 564 1105 590 versus·
1121 548 1163 589 K
1185 548 1223 588 L
1244 556 1284 589 et
1307 548 1349 589 N
1371 547 1411 589 O
1426 563 1447 592 :⁷
1473 556 1515 589 et
1544 548 1740 603 quoniam
1765 548 1816 604 (ι’)
1838 550 1882 595 in
1902 564 1978 602 unq

269 617 416 660 darum
436 619 609 660 vallibus
630 619 863 675 depressior
884 629 945 662 est
964 634 1088 675 quam
1107 619 1151 658 in
1169 618 1286 659 fluidi
1300 618 1491 673 partibus
1513 619 1691 660 immotis
1719 619 1761 660 K
1775 619 1827 670 L,
1853 620 1895 671 N
1911 620 1990 670 03·

267 690 420 732 defluet
458 691 603 733 eadem
634 691 687 734 de
717 686 903 747 partibus
935 691 1014 732 illis
1053 690 1231 731 immotis
1263 691 1307 730 in
1345 690 1550 731 undarum
1589 690 1728 732 valles.
1787 690 1974 733 Defluxu

263 762 402 817 priore
422 762 628 804 undarum
642 764 757 820 juga,
786 763 1014 818 posterior-e
1041 762 1167 803 valles
1186 761 1286 802 hinc
1305 761 1402 802 inde
1431 761 1656 803 dilatantur
1675 770 1717 803 et
1735 776 1972 820 propagan-

255 842 331 875 tur
350 849 492 881 versus
516 835 558 876 K
580 835 619 876 L
639 843 681 877 et
702 835 745 877 N
766 835 820 877 O.
881 835 938 875 Et
957 835 1152 889 quoniam
1170 842 1309 874 motus
1338 834 1543 875 undarum
1571 835 1623 876 ab
1645 836 1686 877 A
1706 850 1846 877 versus
1869 836 1906 878 P
1925 836 1970 886 Q

261 905 310 946 fit
329 920 406 960 per
427 905 670 946 continuum
690 905 903 946 defluxum
915 905 1115 960 jugorum
1134 903 1179 943 in
1198 902 1324 944 valles
1333 903 1564 958 proximos,
1596 905 1772 961 ideoque
1793 907 1840 962 (⁰)
1862 907 1968 950 cele-

258 977 344 1017 rior
362 991 448 1018 non
468 984 530 1018 est
550 975 672 1032 quam
692 991 770 1032 pro
797 976 1003 1018 celeritate
1027 975 1272 1025 descensus3
1301 983 1343 1017 et
1369 976 1590 1018 descensus
1610 992 1728 1034 aquae
1749 978 1846 1020 hinc
1865 980 1963 1022 inde

257 1063 398 1090 versus
422 1048 464 1089 K
485 1047 524 1089 L
545 1055 586 1089 et
607 1048 650 1089 N
675 1047 716 1089 O
737 1047 882 1088 eadem
903 1046 1118 1088 velocitate
1138 1045 1281 1102 peragi
1301 1046 1424 1088 debet
1435 1062 1446 1096 ;
1467 1048 1763 1105 propagabitur
1781 1049 1965 1093 dilatatio

256 1121 462 1162 undarum
482 1118 580 1160 hinc
601 1118 697 1160 inde
717 1133 860 1160 versus
889 1118 932 1160 K
954 1119 992 1160 L
1013 1126 1055 1160 et
1075 1118 1118 1160 N
1140 1118 1181 1160 O
1201 1118 1344 1160 eadem
1372 1120 1589 1162 velocitate
1609 1121 1690 1178 qua
1710 1122 1835 1164 undae
1861 1123 1963 1178 ipsae

256 1193 308 1234 ab
329 1192 370 1233 A
385 1207 525 1233 versus
550 1192 585 1233 P
606 1190 781 1247 erecta
804 1190 1140 1248 progrediuntur.
1202 1190 1467 1247 Proindeque
1497 1193 1675 1248 spatium
1702 1198 1836 1235 totum
1864 1194 1962 1237 hinc

253 1265 350 1307 inde
371 1281 511 1307 versus
535 1266 577 1307 K
599 1265 637 1306 L
658 1273 700 1307 et
720 1265 760 1306 N
785 1265 826 1306 O
847 1265 899 1306 ab
920 1264 1041 1305 undis
1062 1263 1240 1305 dilatatis
1261 1278 1282 1304 r
1298 1263 1324 1304 ‘f
1335 1279 1364 1320 g
1384 1279 1417 1314 r,
1440 1279 1459 1305 s
1478 1265 1508 1305 h
1529 1265 1544 1305 i
1564 1280 1597 1316 s,
1619 1273 1638 1306 t
1653 1265 1681 1307 k
1696 1266 1715 1306 11
1730 1274 1764 1316 .t,
1782 1281 1902 1308 vmn
1917 1283 1957 1319 v,

251 1339 328 1380 &a
350 1337 630 1394 occupabitur.
677 1337 732 1389 Q.
755 1352 790 1382 e.
811 1327 851 1379 d.
915 1336 1026 1381 Hae—‘c
1045 1336 1102 1380 ita
1122 1350 1164 1380 se
1183 1335 1339 1380 habere
1360 1336 1532 1395 quilibet
1552 1338 1596 1380 in
1616 1338 1720 1394 aqua
1742 1347 1959 1396 stagnante

252 1409 437 1464 experiri
456 1417 606 1464 potest.

311 1482 401 1522 Cas.
424 1486 462 1522 2.
506 1481 715 1522 Ponamus
736 1483 824 1537 jam
854 1482 964 1538 quod
995 1482 1023 1524 d
1044 1497 1079 1533 e,
1102 1482 1126 1523 f
1136 1485 1187 1539 g‚'
1201 1482 1228 1523 h
1248 1482 1276 1533 i,
1295 1482 1326 1523 k
1344 1482 1372 1532 1,
1394 1497 1436 1523 m
1456 1497 1484 1523 n
1514 1482 1732 1540 designent
1759 1483 1903 1538 pulsus
1931 1499 1958 1526 a

249 1559 404 1607 puncto
426 1553 467 1593 A
487 1567 562 1607 per
581 1552 764 1594 medium
780 1552 997 1595 elasticum
1017 1553 1244 1595 successive
1273 1561 1539 1609 propagatos.
1603 1553 1653 1608 (²¹)
1678 1553 1827 1595 Pulsus
1839 1569 1953 1609 ‚pro-

294 1664 339 1707 (l’)
358 1667 374 1685 ⁴
391 1667 434 1697 In
448 1667 608 1697 undarum
622 1667 747 1698 vallibus
768 1667 932 1706 depressior
946 1672 997 1700 est,
1021 1666 1075 1696 διο.
1125 1665 1152 1696 F
1169 1666 1209 1702 G,
1225 1671 1256 1695 et
1270 1674 1342 1695 cum
1359 1664 1466 1695 eadem
1481 1665 1642 1696 velocitate
1664 1665 1726 1706 qua
1747 1676 1801 1706 per
1826 1666 1854 1697 A
1873 1667 1901 1698 F
1919 1667 1955 1698 in

253 1706 347 1747 Aqua
366 1707 449 1737 enim
464 1709 502 1739 ab
516 1708 675 1739 altioribus
695 1708 851 1738 undarum
872 1708 1009 1747 partibus
1030 1718 1081 1738 ca-
1122 1707 1317 1746 obstaculum
1338 1708 1477 1744 incurrit,
1500 1714 1531 1738 et
1549 1708 1621 1748 qua,
1644 1709 1764 1739 sublato
1784 1708 1952 1748 obstaculo,

249 1749 351 1780 dendo
365 1749 550 1780 celeritatem
565 1751 703 1791 acquirit,
726 1750 789 1791 quii
802 1750 883 1781 infra
897 1750 1081 1791 quiescentis
1121 1756 1243 1780 motum
1264 1759 1319 1789 per
1343 1749 1371 1780 F
1385 1760 1416 1790 g,
1440 1760 1494 1780 seu
1509 1760 1563 1789 per
1580 1752 1610 1780 A
1631 1751 1658 1780 F
1676 1751 1858 1790 productam
1877 1761 1953 1789 con,-

247 1801 339 1832 aquae,
350 1792 544 1831 superficiem
559 1792 726 1824 descendit.
837 1819 843 1823 .
1120 1792 1279 1828 tinuasset,
1314 1797 1422 1831 estque
1446 1792 1581 1832 angulus
1608 1791 1781 1823 reflexionis
1810 1793 1841 1823 G
1869 1793 1897 1824 F
1923 1793 1951 1825 C

291 1833 336 1875 (⁶)
354 1836 372 1854 ⁸*
391 1836 521 1865 celerior
533 1845 598 1866 mm
611 1841 654 1866 est
673 1834 768 1875 quam
784 1845 842 1874 pro
857 1836 1006 1866 celeritate
1027 1836 1079 1864 de·
1121 1833 1246 1873 aequalis
1259 1833 1377 1873 angulo
1391 1833 1565 1865 incIdentiae
1581 1834 1612 1864 A
1628 1834 1654 1864 F
1669 1834 1710 1865 Ε.
1753 1834 1953 1867 Reduc-tur

246 1875 367 1907 scensas
381 1877 419 1906 ab
430 1874 539 1906 eadem
550 1876 706 1907 undarum
715 1876 889 1913 altitudine,
905 1875 989 1907 unde
999 1885 1079 1916 aqua
1115 1875 1182 1915 jam
1197 1874 1278 1904 linea
1295 1875 1325 1904 G
1342 1875 1369 1905 F
1383 1880 1419 1905 ut
1433 1875 1650 1914 perpendiculo
1675 1876 1706 1906 A
1723 1875 1753 1906 E
1773 1876 1867 1907 etiam
1880 1887 1950 1916 pro.

245 1917 280 1947 in
292 1917 399 1958 plagas
415 1917 443 1947 P
461 1918 504 1955 Q,
523 1917 557 1947 K
573 1918 613 1955 L,
630 1918 664 1948 N
681 1918 711 1949 Ο
727 1917 816 1959 aeque
830 1918 949 1948 defluit.
1119 1916 1214 1947 ducto
1228 1922 1368 1947 occurrat
1387 1916 1422 1947 in
1445 1917 1502 1956 H;
1520 1923 1554 1948 et
1567 1917 1641 1959 quia
1661 1917 1796 1960 angulus
1816 1918 1850 1949 'E
1868 1918 1895 1950 F
1910 1919 1947 1951 H

288 1964 362 1992 293.
397 1959 449 1990 Ex
463 1959 678 1991 demonstratis
695 1960 730 1990 in
750 1961 809 1991 hoc
830 1970 912 1996 casu,
933 1970 1001 1990 mo-

246 2007 297 2033 tus
311 2001 405 2032 undae
418 2002 452 2031 in
466 2002 661 2033 obstaculum
675 2002 804 2042 planum
819 2002 1001 2032 incurrentis

245 2043 366 2075 definiri
381 2049 488 2083 potest.
530 2044 706 2075 'Undarum
726 2051 830 2075 motus
844 2054 861 2074 e
875 2044 944 2075 loco
968 2045 1001 2074 A

244 2086 331 2127 quasi
350 2092 455 2116 centro
468 2092 663 2127 propagetur.
706 2086 855 2117 incurrat
868 2086 953 2117 unda
967 2086 1001 2116 in

245 2128 393 2159 obstaculi
408 2128 529 2158 immoti
547 2128 575 2159 B
594 2129 619 2159 C
635 2134 786 2168 punctum
804 2128 840 2164 F,
857 2139 930 2160 cum
949 2138 1001 2158 ve-

244 2170 368 2201 locitate
382 2177 413 2201 et
427 2170 593 2201 directione
610 2171 642 2201 A
660 2170 696 2201 F.
744 2169 851 2201 Ducta
865 2181 904 2201 ex
921 2172 951 2201 A
967 2171 1001 2200 in

246 2213 275 2243 B
294 2213 319 2244 C
335 2212 581 2252 perpendiculari
598 2213 630 2243 A
647 2213 688 2250 E,
704 2213 918 2253 completoque
932 2223 998 2243 rec-

243 2255 373 2295 tangulo
391 2256 421 2285 A
439 2255 469 2285 E
487 2255 514 2285 F
531 2255 574 2290 K,
598 2255 767 2286 resolvatur
787 2261 891 2286 motus
913 2256 942 2285 A
963 2255 999 2291 F,

243 2296 276 2326 in
291 2298 370 2327 duos
388 2296 464 2328 aIIos
484 2303 587 2327 motus
611 2300 641 2328 A
658 2298 699 2333 E,
726 2299 754 2327 A
774 2297 818 2334 Κ,
843 2308 897 2328 seu
919 2296 1000 2328 facta
1029 2312 1079 2350 Α

246 2339 274 2369 F
291 2340 317 2370 C
332 2339 443 2380 aequali
461 2340 492 2370 A
510 2339 553 2377 K,
577 2340 610 2369 in
625 2346 728 2370 motus
744 2340 778 2370 K
796 2340 832 2377 F,
857 2340 883 2371 F
901 2340 946 2378 C;
969 2346 1000 2371 et

244 2381 323 2421 quia
338 2381 497 2421 particulae
518 2392 606 2422 aquae
620 2388 708 2412 motu
726 2382 753 2413 F
771 2383 797 2413 C
812 2382 845 2412 in
859 2383 1000 2413 obstacu-

244 2423 311 2453 lum
327 2433 391 2454 non
406 2430 514 2464 agunt,
537 2430 606 2462 post
620 2424 788 2463 impactum
805 2431 933 2465 pergent
947 2423 997 2455 efi-

243 2465 314 2496 dem
329 2465 391 2506 qua
408 2464 478 2496 ante
494 2466 663 2505 impactum
677 2467 837 2497 velocitate
852 2477 887 2497 ac
901 2467 999 2497 direc-

242 2509 326 2538 tione
344 2508 371 2538 F
388 2508 414 2539 C
428 2507 554 2538 moveri.
605 2509 650 2538 At
671 2515 759 2539 motu
784 2509 818 2539 K
837 2509 873 2546 F,
896 2509 929 2539 in
944 2510 997 2539 ob-
1041 2503 1076 2540 G

243 2550 396 2582 staculum
419 2549 532 2581 directe
554 2549 745 2581 incurrentes
765 2557 887 2582 motum
908 2551 999 2582 illum

241 2602 376 2630 omnem,
399 2591 493 2633 juxta
517 2592 602 2632 leges
626 2592 786 2624 conflictus
814 2603 976 2632 corporum
1005 2602 1067 2623 non

242 2635 447 2671 elasticorum,
471 2634 620 2673 amittent.
663 2634 752 2668 ,Cum
773 2642 878 2666 autem
899 2645 979 2676 aqua
993 2635 1025 2665 in
1043 2635 1070 2665 F

1111 2589 1941 2629 =cFG=EFA‚eritEH=AEetFH

1111 2648 1157 2664 =
1176 2636 1206 2665 A
1225 2634 1310 2665 F=
1329 2633 1355 2664 F
1379 2634 1419 2669 G,
1448 2640 1480 2664 et
1503 2631 1573 2664 ideo
1596 2643 1677 2674 aqua
1699 2632 1811 2663 reflexa
1831 2631 1941 2664 eodem
1992 2677 1995 2679 ,

240 2678 279 2708 ab
293 2677 353 2707 alia
367 2677 551 2718 insequente
563 2682 718 2718 urgeatur,
743 2683 773 2707 et
787 2677 978 2708 obstaculum
1003 2679 1072 2718 (per

242 2719 350 2759 Hyp.)
373 2717 643 2760 cederent-queat,
664 2719 834 2750 elevabitur
855 2719 909 2750 illa
922 2720 955 2748 in
973 2719 1018 2757 F;
1042 2726 1072 2749 et

239 2761 351 2792 deinde
366 2762 395 2791 vi
410 2762 554 2801 ponderis
573 2762 632 2796 sui,
656 2761 688 2792 id
703 2768 758 2798 est,
781 2762 809 2791 vi
826 2761 936 2802 aequali
950 2761 995 2791 illi
1010 2761 1073 2802 qua

238 2813 293 2841 per
304 2805 452 2834 obstaculi
463 2800 690 2845 longitudinem
702 2804 818 2840 elevata
826 2803 898 2844 fuit,
908 2803 1073 2834 descendet

237 2846 269 2874 in
286 2846 407 2886 plagam
427 2846 452 2876 F
470 2846 513 2882 K,
530 2845 701 2887 cademque
715 2846 842 2886 proinde
857 2846 1014 2876 velocitate
1029 2856 1065 2876 ac

237 2887 403 2919 directione
417 2890 455 2920 ab
470 2889 769 2931 obstaculosrecedet
781 2887 900 2929 qnand-
916 2888 993 2918 illud
1016 2898 1064 2918 ac-

237 2937 374 2961 cesserat.
423 2931 474 2961 Ex
489 2932 547 2962 hoc
562 2938 649 2962 motu
668 2932 693 2972 F
709 2930 758 2970 Κ.Ι
769 2936 800 2971 et
814 2941 850 2961 ex
866 2930 927 2960 alio
946 2930 972 2961 F
991 2930 1016 2960 C
1032 2930 1064 2960 in

235 2971 316 3010 aqua
331 2973 453 3003 residuo
468 2980 669 3013 componetur
691 2980 795 3005 motus
819 2972 846 3003 F
854 2971 903 3008 G,
925 2982 980 3012 per
1001 2972 1065 3002 dia-

234 3014 378 3053 gonalem
400 3015 677 3056 parallelogrammi
696 3015 728 3047 K
748 3015 773 3046 F
791 3014 817 3046 C
839 3015 889 3052 G;
911 3014 996 3045 unda
1010 3013 1067 3055 igi-

234 3061 285 3086 tur
299 3066 318 3086 a
331 3062 446 3095 puncto
461 3057 487 3088 F
501 3057 667 3090 reflectitur
681 3057 852 3090 secundum
869 3056 1068 3089 directionem

1113 2676 1208 2707 modo
1230 2674 1402 2707 movebitur
1422 2685 1477 2714 per
1501 2675 1527 2705 F
1545 2675 1585 2712 G,
1607 2685 1646 2705 ac
1659 2675 1686 2705 si
1701 2684 1738 2705 ex
1753 2681 1868 2715 puncto
1891 2674 1940 2712 H,

1114 2719 1199 2760 quasi
1219 2729 1257 2750 ex
1275 2724 1382 2749 centro
1403 2716 1558 2748 undarum
1576 2723 1681 2748 motus
1699 2721 1939 2759 propagamini-3

1115 2761 1248 2801 cumque
1275 2759 1494 2791 demonstratio
1521 2759 1587 2789 haec
1615 2759 1759 2790 omnibus
1790 2754 1946 2791 obmuli'

1115 2804 1199 2842 plani
1228 2804 1257 2834 B
1283 2803 1309 2834 C
1336 2801 1458 2842 punctis
1485 2808 1645 2842 congruat,
1674 2801 1872 2832 manifestum
1892 2805 1940 2832 est

1107 2846 1207 2876 undas
1229 2844 1354 2876 reflexas
1374 2843 1501 2875 eandem
1525 2843 1717 2874 velocitatem
1743 2843 1937 2884 eandemque

1110 2887 1243 2928 figuram
1259 2886 1334 2918 citra⁴
1349 2885 1539 2917 obstaculum
1555 2886 1702 2922 obtinere,
1718 2895 1804 2927 quas,
1817 2884 1938 2917 sublato

1109 2930 1275 2967 obstaculo,
1291 2928 1373 2959 ultra
1386 2927 1546 2958 lineam—B
1565 2928 1590 2958 C
1605 2927 1791 2959 habuissent.
1919 2939 1934 2962 ,-

1153 2971 1196 3013 (⁶)
1215 2974 1231 2991 *
1250 2975 1320 3003 294.
1348 2972 1459 3003 Pulsus
1470 2972 1634 3010 onpagari
1650 2973 1772 3011 concipe
1789 2980 1847 3011 per
1865 2979 1936 3001 uue-

1111 3017 1235 3046 cessivas
1250 3013 1494 3046 condensationes
1509 3018 1536 3042 et
1551 3013 1765 3054 rav-«factiones
1777 3012 1878 3048 medii,
1893 3009 1937 3041 in

1112 3063 1147 3088 ut
1169 3056 1304 3098 primum
1326 3061 1424 3096 partes
1446 3053 1539 3084 mulii
1550 3063 1568 3084 e
1578 3059 1696 3093 puncto
1709 3053 1936 3094 Aqua-quavec-
