2066 3548
213 289 239 326 2
455 280 458 282 “
618 247 1061 309 PHILOSOPHIAE
1092 229 1446 286 NATURALIS
1532 215 1892 274 [Mon-‚Comma

213 386 547 438 quantun-'hyponam
560 390 622 412 non
636 375 717 419 aegre
730 371 831 406 referri
851 368 1032 409 plerumque
1075 354 1202 389 tentiam
1210 359 1246 382 ex
1258 345 1418 380 tenacitate
1428 337 1508 374 data,
1521 335 1552 366 vi
1566 332 1610 363 illi
1626 323 1780 371 gravitatis
1787 327 1890 360 aequa·

214 441 341 479 possunt
361 431 400 464 ad
420 423 685 460 determinationes
706 422 849 447 motuum
869 417 944 450 quas
965 405 1032 435 aliae
1073 400 1107 436 li,
1129 397 1163 427 in
1182 392 1257 424 locis
1277 386 1398 420 tantum
1411 394 1437 418 a.
1454 383 1484 417 b,
1499 378 1529 414 d,
1544 377 1600 407 διο.
1616 373 1760 410 reagente
1773 369 1891 396 ortamg

214 480 329 521 priores
346 472 528 514 hypotheses
554 465 607 507 (de
627 462 739 503 quibus
759 458 797 488 ab
821 452 909 484 initio
930 451 1033 478 actum
1073 441 1107 471 in
1127 435 1230 477 spatiis
1250 429 1321 462 vero
1340 421 1526 458 intermediis
1544 420 1574 449 A
1591 416 1620 446 B
1634 419 1663 444 et
1679 422 1699 442 a
1710 411 1740 444 b,
1765 406 1794 437 B
1811 404 1845 435 D
1859 406 1892 432 et

215 524 275 561 eet)
291 514 492 558 suppeditant.
513 506 596 550 quod
609 504 752 540 deinceps
765 493 969 529 ostendemus.
1077 484 1098 514 b
1112 481 1143 517 d,
1158 480 1213 508 &c-
1238 473 1361 506 nullum
1375 469 1415 499 sit
1427 463 1561 496 motibus
1580 452 1791 488 obstaculum3
1817 444 1895 475 dum

259 566 289 594 8.
316 560 347 591 Si
370 554 507 587 medium
531 551 566 581 in
589 556 651 588 quo
673 550 782 581 eorpus
803 540 941 568 movetur
965 538 1033 570 per-
1078 530 1204 561 eorpora
1224 512 1404 557 perveniunt
1424 508 1457 537 in
1476 506 1504 535 A
1519 509 1591 536 eta,
1614 494 1763 536 aequalem
1782 488 1896 519 habent

218 603 296 637 secte
317 598 448 632 fluidum
469 594 517 630 sit,
539 593 597 622 hoc
618 593 672 624 est,
695 583 831 624 partibus
850 578 966 608 constet
979 581 1034 610 op-
1078 562 1277 595 velocitatem,
1294 561 1324 586 et
1338 548 1448 584 deinde
1461 545 1548 578 victis
1561 539 1728 581 aequalibus
1741 533 1775 563 in
1792 531 1821 561 A
1837 533 1868 558 et
1878 535 1898 556 a

219 645 294 679 time
307 639 453 680 laevigatis
466 634 611 673 nullaque
624 627 784 660 tenacitate
803 615 1034 652 cohaerentibus,
1076 602 1247 638 obstaculis,
1272 597 1339 638 pari
1359 593 1458 625 adhuc
1479 585 1636 619 velocitate
1649 588 1703 619 per
1722 573 1819 615 spatia
1838 568 1899 599 mi-

221 698 290 730 quae
304 680 431 726 proinde
445 679 475 710 vi
489 676 672 712 cuicumque
690 668 783 698 illatae
804 661 922 694 cedant,
945 662 976 687 et
989 655 1038 686 ce‘-
1081 645 1165 678 nime
1178 639 1345 674 resistentia
1362 637 1391 666 A
1410 634 1438 664 B
1453 637 1484 662 et
1497 639 1516 660 a
1528 630 1560 664 b,
1581 625 1741 656 feruntur3
1763 620 1795 646 et
1807 608 1902 644 simili

223 729 325 762 dando
339 719 482 756 facillime
495 719 674 748 moveantur
686 710 765 741 inter
778 716 821 742 se,
837 702 903 733 soia
916 709 953 730 ea
966 706 1039 727 con·
1082 688 1183 722 modo,
1206 686 1246 715 ob
1259 679 1390 721 aequales
1400 670 1582 706 resistentias
1594 667 1628 697 in
1642 662 1716 698 loeis
1733 659 1761 690 B
1774 661 1806 687 et
1817 656 1900 691 bper

224 767 384 805 andex-anda
403 770 449 795 est
469 757 637 792 resistentia
649 762 718 794 quae
732 759 769 781 ex
784 744 877 778 medii
891 739 1042 772 reactione
1083 729 1179 771 spatia
1193 728 1222 758 B
1241 725 1273 756 D
1288 728 1319 753 et
1331 723 1351 752 b
1366 720 1387 750 d
1400 715 1493 748 simul
1513 722 1544 743 m
1857 694 1864 701 '

226 819 328 846 ortum
351 807 446 843 ducit,
474 809 580 842 estque
604 798 657 828 illa
678 800 714 825 ut
738 788 870 823 densitas
897 781 990 814 medii
1012 784 1043 809 et
1085 782 1157 812 ceps
1181 767 1310 800 eandem
1330 768 1447 799 semper
1467 753 1656 785 velocitatem
1677 746 1711 776 in
1731 740 1806 773 locis
1819 733 1906 776 aeque

227 854 410 897 quadratum
430 842 595 877 velocitatis
618 836 738 869 mobilis
759 830 821 863 dati
842 821 1039 867 conjunctim.
1088 814 1157 846 altis
1166 812 1288 843 habent.
1333 803 1518 835 Minuantur
1528 796 1593 836 jam
1604 786 1732 829 aequalia
1744 783 1798 813 illa
1811 776 1908 818 spatia

233 899 313 930 Hoec
326 893 410 925 enim
428 884 597 920 resistentia
618 882 686 922 (per
701 873 809 908 Motus
824 871 900 910 Leg.
920 871 949 897 2.
967 870 998 895 et
1011 866 1041 894 5.
1090 857 1122 888 A
1140 856 1169 887 B
1184 859 1215 884 et
1228 862 1247 882 a
1259 852 1290 886 b,
1310 847 1338 878 B

232 940 303 972 Lib.
324 936 371 975 1.)
385 938 431 964 est
444 935 480 961 ut
493 925 644 969 quantitas
657 918 760 952 motus
771 916 841 946 dato
855 905 1047 948 tempuscula
1089 902 1237 938 augeatur
1251 892 1284 922 in
1297 887 1462 920 infinitum,
1483 887 1521 911 ut
1540 878 1585 908 vis

232 973 446 1014 communicati
457 984 467 1010 ;
491 969 545 1001 sed
558 965 629 998 data
638 961 759 994 mobilis
769 954 935 988 velocitate,
950 956 1048 989 quan·
1089 939 1192 971 tentiae
1205 934 1284 966 actio
1294 931 1342 962 vel
1356 925 1466 959 reactio
1477 920 1602 954 continu

232 1024 303 1056 titas
323 1016 426 1050 motus
445 1006 661 1045 communicati
681 1010 727 1034 est
740 1007 777 1032 ut
794 994 946 1039 quantitas
966 987 1054 1020 fluidi
1096 991 1171 1022 pora
1184 978 1248 1009 duo
1262 973 1389 1005 eandem
1403 967 1517 1007 ubique
1530 961 1633 992 resiste
1669 956 1676 963 '

234 1058 426 1103 tempusculo
439 1057 511 1087 dato
524 1047 684 1083 movenda,
708 1046 768 1075 hoc
786 1045 840 1076 est,
865 1042 902 1068 ut
922 1031 1054 1064 densitas
1097 1029 1128 1054 et
1141 1023 1175 1052 in
1188 1019 1262 1050 locis
1276 1013 1362 1055 aeque
1376 1011 1445 1043 altis
1465 1005 1593 1038 eandem
1613 996 1804 1030 velocitatem
1823 987 1917 1019 habe-

235 1105 349 1141 medii;
378 1099 449 1132 data
472 1101 576 1128 autem
598 1089 692 1121 medii
716 1083 873 1117 densitate,
902 1073 1054 1117 quantitas
1094 1068 1182 1097 bunt.
1221 1057 1325 1096 Quare
1338 1049 1508 1086 resistentia
1520 1054 1591 1087 qua}
1605 1051 1644 1073 ex
1698 1038 1706 1045 ⁶
1731 1036 1739 1043 ‘
1843 1029 1851 1036 '

237 1146 339 1180 motus
360 1136 575 1174 communicati
590 1139 635 1164 est
647 1137 684 1162 ut
703 1125 855 1169 quantitas
873 1117 962 1150 fluidi
983 1114 1055 1145 dato
1098 1112 1202 1138 ortum
1216 1101 1310 1135 ducit,
1332 1100 1432 1137 potest
1451 1100 1525 1122 cum
1538 1088 1569 1117 vi
1584 1079 1738 1126 gravitatis
1757 1068 1922 1119 uniformis

238 1185 430 1228 tempusculo
441 1176 632 1212 dimovenda,
648 1179 679 1204 et
692 1177 728 1201 ut
737 1164 879 1199 velocitas
889 1158 948 1201 quii
960 1165 1058 1197 quan-
1099 1143 1276 1186 comparari,
1292 1142 1364 1171 licet
1377 1134 1469 1167 medii
1483 1129 1628 1163 tenacitas
1643 1125 1675 1155 in
1689 1126 1801 1158 corpus
1817 1120 1920 1154 quies-

240 1233 310 1264 titas
324 1228 378 1259 illa
390 1223 478 1256 fluidi
491 1224 631 1251 movetur
643 1208 840 1253 conjunctim,
863 1210 894 1234 et
907 1198 1059 1242 quantitas
1101 1198 1174 1221 cens
1196 1183 1293 1229 (quod
1307 1179 1432 1223 quidem
1445 1186 1476 1206 vi
1487 1169 1641 1215 gravitatis
1660 1169 1781 1202 semper
1799 1162 1925 1196 urgere-

242 1315 314 1348 bilis
327 1303 560 1352 proportionalis
573 1306 627 1336 est,
651 1303 760 1335 corpus
773 1289 856 1322 enim
870 1283 966 1323 duplo
979 1280 1063 1312 velo-
1147 1275 1197 1302 10.
1225 1269 1264 1299 In
1277 1264 1380 1298 fluidis
1393 1261 1487 1302 igitur
1496 1254 1657 1288 tenacitate
1665 1244 1769 1287 aliqua
1778 1235 1924 1283 praeditinu

760 1334 768 1341 ·
840 1331 848 1338 “
931 1326 939 1332 “
1050 1338 1064 1346 .
1105 1310 1276 1345 resistentia
1289 1312 1335 1338 est
1347 1303 1458 1350 pantini
1471 1294 1643 1347 uniformis,
1657 1288 1771 1332 partim
1783 1293 1821 1316 ve
1871 1279 1878 1287 '

253 1443 358 1478 Quare
379 1433 451 1466 data
471 1428 621 1461 densitate
642 1420 744 1454 medii.
770 1411 937 1447 resistentia
961 1412 1006 1438 est
1033 1409 1068 1435 ut
1155 1401 1168 1427 l
1177 1400 1203 1426 1.
1229 1396 1368 1426 Lemma.
1395 1387 1437 1418 In
1450 1382 1633 1424 quacunque
1640 1367 1823 1406 *resistentia
1835 1365 1934 1404 hypo-

252 1482 434 1525 quadratum
465 1468 625 1503 celeritatis
654 1460 785 1498 mobilis,
821 1462 912 1495 atque
939 1447 1017 1481 adeo
1043 1445 1071 1477 si
1111 1438 1198 1475 thesi,
1221 1432 1354 1473 corporis
1445 1427 1453 1434 ⁰
1564 1421 1572 1429 ‘
1903 1403 1911 1411 '

253 1533 352 1564 neque
379 1516 468 1550 fluidi
492 1511 633 1546 densitas,
665 1513 764 1544 neque
792 1495 912 1530 mobilis
937 1489 1073 1524 celeritas
1114 1489 1211 1512 vacuo
1224 1477 1302 1508 moti
1309 1471 1451 1505 velocitas
1464 1466 1551 1498 finita
1562 1464 1597 1494 in
1610 1457 1742 1500 singulis
1755 1451 1832 1484 locis
1844 1452 1891 1487 est
1899 1450 1938 1476 ut

254 1568 326 1599 data
339 1563 386 1598 sit,
403 1560 460 1591 erit
473 1552 640 1587 resistentia
651 1554 689 1579 ut
701 1543 795 1577 medii
808 1538 941 1571 densitas
954 1538 985 1564 et
998 1540 1073 1571 qua-
1116 1523 1302 1554 elementum
1316 1513 1406 1555 spatii
1420 1506 1562 1547 descripti
1575 1499 1689 1535 directe
1702 1503 1735 1529 et
1746 1495 1942 1527 momentum

256 1609 379 1640 dratum
392 1598 559 1632 velocitatis
571 1588 769 1634 conjunctim,
784 1590 876 1623 atque
888 1580 955 1609 haec
969 1579 1015 1606 est
1026 1582 1076 1602 re-
1117 1561 1261 1602 temporis
1295 1567 1357 1599 quo
1391 1550 1570 1586 describitur
1603 1540 1731 1576 inverse.
1787 1530 1944 1567 Velocius

257 1648 391 1683 sistentia
403 1652 473 1685 quae
487 1645 590 1670 ortum
600 1633 686 1666 ducit
694 1632 733 1662 ab
741 1624 850 1658 inertia
859 1617 1078 1662 particularum
1119 1607 1204 1638 enim
1216 1598 1380 1634 uniformis
1392 1601 1439 1627 est
1450 1598 1488 1625 ut
1500 1589 1635 1633 spatium
1799 1585 1860 1618 que
1875 1572 1945 1604 deo-

259 1690 346 1724 ssuidi
359 1696 437 1729 quas
448 1690 558 1721 corpus
571 1684 690 1709 motum
704 1683 722 1703 e
735 1671 804 1700 loco
816 1666 951 1697 dimovet
969 1664 1001 1689 et
1011 1666 1080 1698 quae
1121 1648 1255 1688 criptum
1268 1639 1381 1674 directe
1395 1643 1427 1669 et
1440 1643 1562 1674 tempus
1575 1639 1638 1671 quo
1647 1626 1682 1658 id
1691 1622 1825 1664 spatium
1833 1613 1947 1648 deseri-

258 1736 292 1766 in
305 1727 504 1763 velocioribus
517 1721 652 1752 motibus
665 1715 730 1748 sola
743 1710 806 1743 fere
819 1709 1003 1739 observatur.
1121 1690 1205 1722 bitur
1226 1682 1354 1717 inverse.
1401 1680 1443 1711 In
1462 1675 1566 1708 medio
1585 1677 1691 1703 autem
1703 1666 1766 1698 aive
1786 1659 1946 1692 resistente

303 1780 332 1808 9.
361 1771 467 1803 Altera.
475 1761 645 1796 resistentia
652 1766 721 1799 quae
732 1764 769 1785 ex
779 1748 938 1782 tenacitate
948 1741 1082 1784 partium
1127 1732 1190 1763 sive
1215 1737 1312 1760 vacuo
1333 1722 1474 1755 velocitas
1495 1727 1549 1758 per
1576 1712 1710 1755 spatium
1737 1700 1857 1737 infinite
1880 1706 1952 1740 par-

262 1816 350 1849 fluidi
363 1808 525 1845 uniformis
539 1803 682 1837 nascitur,
702 1801 843 1828 constans
856 1795 911 1825 est,
933 1791 987 1818 aut
999 1780 1084 1823 quod
1125 1783 1200 1805 vum
1214 1767 1371 1811 aequabnis
1385 1770 1431 1796 est
1446 1761 1509 1811 26.)
1976 1770 1979 1773 ,

263 1861 346 1892 idem
358 1861 410 1888 est,
426 1847 570 1889 temporis
579 1846 736 1876 momento
749 1828 992 1877 proportionalis,
1002 1833 1085 1855 eam·
1172 1818 1220 1846 12.
1241 1812 1335 1845 Cor-ol.
1356 1811 1384 1839 1.
1413 1805 1501 1836 Hinc
1523 1795 1670 1838 temporis
1692 1792 1887 1823 momentum
1907 1785 1954 1813 est

265 1900 372 1944 quein
386 1885 710 1927 tardissimismotibus
720 1875 892 1911 sensibilem
901 1869 1021 1902 faciunt
1033 1875 1086 1896 ex·
1128 1863 1165 1889 ut
1186 1858 1377 1887 momentum
1398 1857 1452 1879 seu
1474 1845 1662 1876 elementum
1681 1832 1771 1874 spatii
1791 1823 1904 1860 directe
1923 1827 1956 1854 et

323 1943 330 1949 '
515 1933 523 1940 ⁶
587 1929 595 1937 ‘
712 1923 719 1930 ⁸
755 1956 758 1959 .
790 1916 878 1949 fluidi
898 1909 1029 1945 cohaesio
1049 1907 1088 1937 sit
1132 1898 1274 1930 velocitas
1288 1890 1423 1927 inverse3
1445 1885 1638 1918 momentum
1652 1875 1724 1909 vei-6
1737 1870 1827 1914 spatii
1847 1873 1884 1900 ut
1903 1875 1956 1897 ve-

269 1985 383 2024 uhique
397 1978 513 2012 eadem,
534 1974 565 2003 vi
585 1968 720 2012 quadam
740 1954 939 1994 determinata.
953 1961 1030 1992 opus
1044 1954 1090 1979 est
1131 1941 1239 1972 locitas
1253 1944 1284 1968 et
1297 1937 1488 1967 momentum
1504 1923 1649 1966 temporis
1661 1913 1860 1960 conjunctim.

270 2034 308 2059 ut
319 2030 419 2065 partes
439 2019 499 2050 511ae
519 2017 703 2054 separentur,
730 2001 907 2043 corporique
927 1993 1090 2027 transitum
1141 2013 1148 2020 ,
1176 1986 1224 2012 15.
1253 1979 1347 2012 Corol.
1373 1979 1402 2005 2.
1437 1972 1470 2003 Si
1494 1971 1589 2011 igitur
1612 1961 1755 1995 velocitas
1782 1955 1902 1987 dicatur
1927 1959 1958 1988 V,

273 2070 437 2110 praebeant,
465 2058 658 2101 quacumque
682 2050 807 2081 demum
830 2039 987 2086 velocitate
1011 2032 1091 2082 illud
1132 2024 1266 2065 spatium
1286 2017 1472 2057 descriptum
1493 2024 1518 2050 s,
1544 2017 1666 2048 tempus
1685 2012 1748 2044 quo
1768 1995 1958 2036 descriptum

273 2113 396 2144 feratur,
419 2110 450 2135 et
463 2100 532 2133 ide&
547 2099 591 2128 vis
604 2095 658 2126 ina
671 2087 846 2123 resistentiae
861 2092 934 2115 cum
947 2089 978 2110 vt
992 2084 1091 2119 gravi-
1268 2089 1276 2095 .
1397 2058 1417 2088 d
1433 2067 1448 2087 s
1834 2043 1840 2046 “
1903 2034 1925 2065 d
1935 2043 1951 2063 s

275 2154 346 2184 tatis
359 2144 514 2180 uniformi,
535 2150 604 2181 quae
618 2133 750 2175 corporis
764 2123 952 2161 ascendentis
972 2124 1093 2151 motum
1135 2098 1182 2123 ²³²
1201 2098 1216 2122 ι
1234 2095 1292 2120 em
1305 2097 1324 2117 v
1337 2097 1382 2117 ε
1398 2099 1458 2140 ff‘t’
1486 2091 1504 2110 V
1518 2079 1540 2110 d
1554 2084 1568 2109 ²
1587 2088 1632 2106 =
1654 2072 1676 2104 d
1689 2081 1704 2100 ⁸
1718 2074 1750 2100 et
1762 2067 1785 2098 d
1798 2072 1812 2097 ι
1834 2076 1880 2094 =
1903 2077 1961 2117 '‘v‘’

276 2192 416 2242 retardat,
438 2183 568 2232 conferri
590 2184 695 2220 potest.
738 2174 821 2204 Nam
843 2175 968 2206 corpora
981 2161 1044 2192 duo
1058 2159 1100 2188 si·
1142 2156 1333 2196 sumptisque
1358 2146 1525 2182 fluentibus
1551 2142 1582 2174 S.
1607 2151 1626 2172 v
1648 2138 1670 2170 d
1690 2143 1704 2168 ι
1723 2147 1768 2165 =
1788 2143 1813 2171 s,
1838 2135 1870 2162 et
1890 2133 1904 2159 t
1927 2127 1973 2157 2-

283 2236 367 2268 milia
381 2238 412 2264 et
426 2227 553 2270 aqualia
567 2231 637 2255 cum
653 2217 718 2260 pari
731 2213 887 2247 velocitate
896 2205 996 2239 elocis
1008 2203 1034 2234 C
1044 2207 1099 2232 etc
1141 2225 1174 2258 s'
1192 2198 1255 2256 §.⁵-

1191 2262 1240 2325 151.
1270 2293 1364 2324 Corol.
1389 2293 1419 2320 5.
1457 2286 1490 2316 Si
1513 2282 1556 2314 ita
1583 2277 1732 2315 descripta
1757 2268 1852 2302 fuerit
1877 2273 1972 2296 cum

1153 2338 1183 2369 B
1202 2335 1324 2367 Peut
1344 2333 1411 2373 ejus
1429 2326 1588 2367 applicatae
1609 2305 1972 2356 MP,mp,axiAD,

1147 2376 1310 2411 normales,
1334 2377 1490 2413 exponant
1503 2364 1694 2399 velocitatem
1707 2369 1738 2396 v,
1759 2362 1791 2388 et
1800 2350 1942 2386 abscissa
1955 2356 1975 2379 a

1512 2470 1547 2506 P
1575 2471 1597 2501 Ρ
1692 2461 1723 2492 c

1275 2576 1310 2612 B

288 2820 1118 2893 palinenscncaadroeuchnormalespro-
1845 2801 1877 2809 ,..

289 2894 444 2936 jiciantur,
467 2895 497 2919 et
518 2887 550 2916 in
571 2882 646 2913 loeis
666 2874 753 2918 aeque
774 2870 843 2921 ξω.
860 2869 889 2898 A
906 2871 977 2899 eta,
1002 2861 1030 2892 Β
1046 2865 1076 2888 et
1089 2860 1120 2894 b,
1307 2843 1350 2880 Α
1516 2825 1611 2865 Mn
1837 2814 1877 2851 D

302 2937 334 2968 D
356 2941 386 2965 et
409 2932 439 2967 d,
469 2931 525 2961 διο.
558 2923 705 2965 aqualem
726 2917 881 2957 patiantur
901 2902 1123 2938 resistentiam3

299 2987 409 3017 eorpus
433 2972 556 3014 quidem
583 2968 608 2998 C
638 2957 836 2994 resistentiam
857 2948 1030 2991 experiatur
1054 2953 1073 2972 a
1096 2941 1126 2970 vi
1172 2941 1288 2978 puncto
1309 2932 1371 2963 fixo
1395 2930 1428 2960 A
1448 2928 1579 2963 sumptae
1607 2920 1637 2950 A
1654 2916 1703 2954 M,
1731 2915 1759 2945 A
1775 2922 1809 2943 m
1831 2916 1952 2948 tempu·
1970 2910 1994 2940 t.

303 3016 457 3062 gravitati-1
478 3013 634 3045 constante
658 3008 741 3046 (quae
762 3000 795 3030 in
815 2994 891 3027 locis
908 2993 949 3028 A,
968 2989 1007 3024 B,
1025 2986 1072 3021 D,
1090 2983 1128 3018 E,
1174 2983 1371 3015 erectumque
1380 2972 1419 3002 sit
1428 2962 1682 3009 perpendiculum
1700 2959 1728 2988 Α
1740 2957 1769 2988 Β
1780 2961 1882 2986 curve
1890 2956 1994 2981 ocenu-

303 3065 358 3094 &e.
377 3057 499 3092 tautum
515 3051 600 3096 agat)
615 3045 788 3080 oriundam,
805 3045 914 3077 corpus
927 3029 999 3063 vero
1013 3026 1132 3059 eresi:-
1175 3030 1245 3053 rens
1261 3019 1294 3050 in
1310 3017 1349 3053 B,
1365 3022 1436 3046 area
1453 3011 1482 3042 A
1497 3009 1526 3040 B
1540 3006 1568 3038 P
1583 3005 1621 3037 M
1637 2999 1763 3042 exponit
1774 2994 1907 3037 spatium
1919 2998 1994 3022 tem-
2058 3006 2060 3008 v
