2066 3548
230 256 312 293 304
653 250 1101 297 PHILOSOPHIAE
1132 249 1494 300 NATURALIS
1567 250 1930 302 [Mor-Conpon,

231 370 493 416 superantes3
526 371 566 404 et
584 363 648 408 his
678 349 927 411 rectis—,circa
955 376 1076 412 axem
1104 361 1297 410 revolutis
1329 360 1499 416 concipe
1528 360 1649 402 orbes
1670 360 1720 416 ⁴in
1753 360 1931 414 annulos

230 432 469 473 innumeros
499 433 649 483 secari3
686 441 727 483 et
755 433 931 474 annulus
960 432 1240 488 unusquisque
1267 430 1436 472 habebit
1455 429 1628 481 annulos
1649 438 1824 489 quatuor
1853 429 1933 474 sibi

232 501 461 558 contiguos,
494 517 624 546 unum
653 502 904 554 interiorem,
938 502 1112 544 alterum
1132 501 1378 555 exteriorem
1396 508 1438 542 et
1457 499 1562 545 duos
1590 499 1793 553 laterales·
1852 501 1932 542 At.-

231 574 330 615 tritu
351 575 556 616 interioris
576 583 618 623 et
636 575 851 626 exterioris
870 590 956 618 non
974 581 1110 630 potest
1127 572 1303 615 annulus
1322 572 1615 629 unusquisque,
1645 572 1726 614 nisi
1743 573 1788 613 in
1815 579 1932 614 motu

224 644 347 699 juxta
378 644 513 700 legem
548 659 667 687 casus
699 646 823 700 primi
852 636 972 697 facto,
1008 644 1221 701 aequaliter
1241 643 1344 685 etin
1361 652 1498 699 partes
1528 638 1752 685 Contrarias
1780 642 1931 700 urgeri.

234 714 354 755 Patet
372 714 452 763 hoc
473 729 525 756 ex
547 715 895 759 demonstratione
915 730 1031 757 casus
1050 714 1185 770 primi,
1235 713 1292 756 Et
1309 721 1528 769 propterea
1546 713 1794 755 annulorum
1809 713 1933 766 series

232 784 426 839 quaelibet
444 800 470 828 a
486 785 614 842 globo
633 786 676 827 in
696 786 902 827 infinitum
919 784 1030 827 recta
1047 800 1237 842 pergens,
1259 783 1489 826 movebitur
1507 798 1586 839 pro
1604 783 1696 840 lege
1713 798 1829 825 casus
1847 783 1933 838 pri-

230 854 302 905 mi,
323 855 402 897 nisi
410 855 614 910 ‚quatenus
626 857 847 911 impeditur
863 856 915 897 ab
931 856 1070 897 attritu
1086 854 1332 897 annulorum
1348 853 1402 896 ad
1413 853 1553 896 latera.
1594 854 1654 896 At
1667 854 1710 908 in
1723 861 1838 913 motu
1853 853 1934 896 hac

231 924 325 981 lege
344 924 453 973 facto
473 926 634 967 attritus
655 926 899 967 annulorum
921 925 974 967 ad
993 925 1123 967 latera
1141 925 1278 966 nullus
1298 932 1382 974 est;
1402 938 1536 980 neque
1550 922 1645 966 ideo
1657 932 1827 974 motum,
1850 940 1932 981 quo

232 997 369 1038 minus
389 997 467 1038 hac
487 997 578 1054 lege
590 998 674 1048 fiat,
694 998 903 1053 impediet.
965 998 1010 1040 Si
1025 998 1166 1040 annuli
1188 998 1235 1053 (Γ)
1253 998 1323 1054 qui
1338 1013 1363 1039 a
1377 1005 1519 1039 centro
1534 997 1746 1054 aequaliter
1766 991 1934 1047 distant,
2061 985 2066 1076 Ξ

233 1067 300 1108 vel
320 1067 438 1108 citius
462 1068 768 1110 revolverentur
787 1069 853 1110 vel
872 1068 1028 1110 tardius
1050 1069 1095 1125 (⁸)
1110 1069 1232 1124 juxta
1257 1068 1376 1123 polos
1397 1066 1519 1124 quam
1539 1068 1662 1123 juxta
1681 1067 1908 1123 eclipticam
1918 1082 1933 1118 3

231 1137 433 1179 tardiores
446 1138 782 1190 accelerarentur,
802 1147 847 1183 ,et
859 1139 1081 1180 velociores
1101 1128 1406 1189 retardarentur
1421 1139 1472 1180 ab
1485 1138 1628 1180 attritu
1642 1146 1798 1191 mutuo,
1820 1145 1862 1179 et
1876 1137 1934 1179 sic
1971 1135 1974 1140 ¹
2058 1085 2066 1228 ¹

230 1219 449 1267 vergerent
469 1226 630 1266 semper
650 1220 835 1267 tempora
853 1211 1063 1267 periodica
1083 1211 1135 1252 ad
1152 1211 1437 1267 aequalitatem,
1457 1225 1536 1265 pro
1555 1209 1646 1267 lege
1668 1209 1784 1251 cassis
1796 1209 1933 1264 primi.
2061 1230 2066 1251 z

235 1280 337 1321 Non
368 1280 540 1335 impedit
573 1281 699 1338 igitur
725 1281 795 1322 hic
824 1281 984 1323 attritus
1005 1296 1091 1337 quo
1110 1281 1245 1322 minus
1272 1288 1408 1322 motus
1436 1280 1510 1321 fiat
1540 1278 1767 1321 secundum
1799 1279 1932 1336 legem
2060 1260 2066 1350 1

231 1365 348 1392 casus
368 1351 502 1405 primi,
525 1358 566 1393 et
585 1362 805 1407 propterea
815 1352 886 1393 lex
899 1352 970 1393 illa
982 1351 1207 1404 obtinebit:
1228 1351 1309 1392 hoc
1319 1359 1397 1401 est,
1421 1349 1667 1391 annulorum
1680 1349 1932 1406 singulorum
2019 1342 2022 1345 ’
2060 1382 2066 1407 3

231 1430 418 1477 tempora
436 1424 646 1478 periodica
665 1432 787 1465 erunt
805 1432 852 1466 ut
871 1423 1071 1480 quadrata
1090 1423 1375 1465 distantiarum
1395 1423 1579 1477 ipsorum
1599 1436 1624 1462 a
1643 1429 1785 1462 centro
1804 1420 1933 1478 globi.
2059 1410 2066 1508 1

234 1494 362 1544 Quod
382 1495 492 1537 volui
513 1495 694 1538 secundo
715 1496 1012 1538 demonstrare.

296 1568 386 1607 Cas.
411 1573 449 1608 3.
480 1567 703 1608 Dividatur
726 1564 813 1623 jam
834 1568 1010 1609 annulus
1038 1567 1320 1623 unusquisque
1350 1565 1595 1608 sectionibus
1625 1564 1863 1607 transversis
1890 1563 1935 1605 in
2058 1509 2066 1630 ¹

230 1635 451 1689 particulas
489 1636 724 1679 innumeras
755 1639 1050 1680 constituentes
1090 1637 1357 1679 substantiam
1396 1635 1581 1677 absolute
1610 1643 1651 1676 et
1679 1635 1935 1677 uniformiter
2059 1631 2066 1691 ζ

231 1707 427 1758 fluidam3
449 1716 489 1750 et
505 1710 700 1764 quoniam
718 1709 785 1751 hae
804 1710 1003 1752 sectiones
1023 1724 1108 1750 non
1128 1716 1313 1764 spectant
1331 1707 1384 1749 ad
1402 1707 1536 1764 legem
1555 1706 1691 1749 motus
1711 1706 1933 1757 circularis,

237 1778 311 1818 sed
338 1779 392 1819 ad
422 1780 751 1823 constitutionem
778 1781 896 1822 fluidi
923 1779 1181 1821 solummodo
1209 1778 1455 1828 conducunt,
1490 1777 1767 1832 perseverabit
1799 1784 1934 1817 motus

239 1848 448 1889 circularis
467 1857 514 1890 ut
531 1850 659 1903 prius.
723 1851 806 1892 His
827 1851 1073 1891 sectionibus
1095 1849 1236 1890 annuli
1256 1862 1397 1888 omnes
1418 1862 1540 1902 quam
1560 1846 1717 1886 minimi
1738 1847 1933 1901 asperita-

236 1926 317 1958 tem
340 1926 380 1958 et
397 1918 480 1958 vim
500 1919 662 1960 attritus
683 1919 817 1961 mutui
834 1927 908 1974 aut
927 1934 1012 1959 non
1032 1918 1262 1967 mutabunt,
1296 1917 1341 1971 (ἲ)
1363 1924 1433 1957 aut
1462 1916 1679 1957 mutabunt
1707 1916 1932 1971 aequaliter.

234 1987 291 2028 Et
310 1996 500 2030 manente
521 2004 736 2030 causarum
756 1990 1023 2044 proportione
1051 1988 1233 2029 manebit
1261 1986 1479 2041 effectuum
1497 1985 1725 2040 proportiO‚
1755 1985 1836 2026 hoc
1855 1993 1930 2036 est,

232 2059 445 2113 proportio
463 2068 651 2102 motuum
671 2068 713 2102 et
730 2060 1035 2115 periodicorum
1055 2054 1300 2113 temporum.
1362 2058 1417 2106 Q.
1438 2072 1474 2098 6.
1496 2057 1536 2107 d·
1595 2057 1806 2098 Caeterum
1836 2056 1932 2099 cum

233 2139 368 2172 motus
399 2132 620 2184 circularis,
636 2141 696 2174 ,et
722 2133 819 2174 inde
849 2141 939 2174 orta
967 2132 1027 2174 vis
1058 2130 1297 2187 centrifuga,
1335 2131 1386 2185 (¹¹)
1408 2130 1537 2184 major
1557 2129 1609 2170 sit
1628 2128 1681 2170 ad
1701 2129 1931 2184 eclipticam

279 2247 321 2288 (¹)
346 2249 363 2267 ¹*
385 2248 477 2282 Quia
491 2254 594 2279 centro
609 2249 767 2289 :equaliter
788 2250 909 2286 distant,
931 2255 986 2278 ‘seu
1008 2247 1062 2288 qui
1148 2247 1192 2287 (¹¹)
1209 2248 1228 2277 ,ὓ
1245 2245 1352 2285 Μιῄον
1364 2246 1402 2275 sit
1416 2248 1458 2276 ad
1478 2246 1644 2286 ecIIplz'cam
1665 2244 1760 2286 qudm
1777 2247 1820 2276 ad
1835 2247 1929 2286 polos.

235 2296 308 2319 sunt
322 2298 358 2319 ex
373 2289 482 2320 eodem
499 2292 572 2320 orbe
594 2291 711 2326 resecti,
734 2291 840 2331 quales
861 2296 934 2320 sunt
954 2289 1062 2329 annuli
1104 2288 1267 2325 Quoniam
1287 2287 1506 2327 particularum
1531 2288 1560 2318 E
1582 2294 1614 2318 et
1635 2298 1653 2318 e
1672 2288 1706 2318 in
1728 2286 1837 2318 eodem
1853 2289 1931 2321 ‚orbo

236 2341 272 2361 ex
288 2331 457 2371 figurarum
474 2331 485 2361 l
499 2332 521 2362 k
535 2334 555 2363 b
570 2343 598 2370 a,
621 2343 640 2363 a
654 2334 674 2363 b
688 2343 705 2364 c
721 2333 752 2370 d,
775 2333 795 2363 d
810 2343 827 2363 c
841 2343 863 2373 g
877 2333 908 2370 h,
931 2338 961 2373 et
975 2341 1058 2362 revo-

235 2373 353 2403 lutione
367 2374 517 2413 descripti.

279 2415 321 2457 (⁸)
339 2418 356 2435 ‘¹¹
370 2418 469 2457 *Juxta
479 2418 561 2456 polos
585 2417 617 2446 X
634 2423 664 2448 et
680 2417 717 2453 P,
741 2427 832 2457 quam
851 2417 940 2457 juxta
959 2427 1060 2456 aequa-

236 2463 343 2495 torem,
361 2468 454 2498 quem
468 2465 549 2488 recta
565 2459 587 2488 S
603 2459 633 2488 E
648 2460 687 2490 ad
701 2469 789 2490 axem
808 2460 836 2490 P
853 2458 885 2490 X
900 2459 1061 2501 perpendi-

237 2499 347 2530 cularis
361 2506 458 2530 rotata
471 2499 620 2531 describit.

281 2542 322 2583 (ἶ)
351 2544 368 2561 ’²‘
396 2543 463 2573 Aut
488 2545 650 2574 vnutabunt
679 2545 843 2584 oequalz‘ter.
903 2543 1059 2579 Quoniam

240 2584 321 2614 enim
331 2584 379 2613 hae
390 2584 536 2614 sectiones
549 2595 609 2615 non
621 2585 677 2614 nisi
689 2586 727 2616 ad
737 2586 916 2616 fluiditatem
932 2586 1061 2626 singulis

237 2625 360 2656 annulis
375 2626 594 2656 conciliandam
609 2627 696 2657 factae
710 2634 791 2665 sunt,
815 2635 845 2658 et
859 2627 988 2658 fluidum
1004 2629 1059 2657 ho-

237 2678 424 2707 mogeneum
439 2669 640 2708 supponitur3
658 2669 682 2698 si
694 2670 765 2699 inde
779 2676 915 2700 mutetur
928 2669 1059 2699 annulo-

238 2719 309 2739 rum
331 2710 474 2748 asperitas
495 2717 526 2741 et
547 2711 591 2740 vis
615 2711 734 2742 attritus
758 2711 868 2748 mutui,
891 2712 1059 2742 mutabitur

239 2752 395 2790 aequaliter
416 2762 469 2783 seu
485 2752 518 2782 in
534 2752 604 2791 data
618 2754 743 2784 ratione.
791 2754 835 2784 Et
857 2753 969 2784 idcirco
992 2764 1057 2784 ma-

240 2800 331 2823 nente
354 2794 591 2832 resistentiarum
613 2802 644 2826 et
668 2796 909 2835 impressionum,
931 2807 1001 2837 quae
1021 2806 1059 2826 ex

238 2842 349 2866 mutuo
377 2836 508 2875 partium
539 2837 643 2868 attritu
671 2838 821 2875 oriuntur,
856 2839 1058 2878 proportione,

233 2878 375 2909 manebit
392 2878 557 2910 effectuum
572 2879 644 2910 inde
657 2880 875 2919 productorum
890 2882 1059 2920 proportio,

240 2919 297 2949 hoc
312 2926 363 2954 est,
380 2921 533 2959 proportio
546 2929 687 2952 motuum
703 2929 733 2953 et
746 2922 967 2961 periodicorum
983 2929 1060 2953 tem-

241 2971 368 2999 porum3
395 2968 425 2992 et
447 2970 603 3002 propterea
623 2965 755 3002 partium
770 2965 961 3005 singularum
982 2971 1059 2996 tem-

240 3012 313 3040 pora
327 3004 479 3051 periodica
493 3012 592 3043 erunt,
614 3012 650 3036 ut
664 3008 697 3036 in
711 3007 916 3045 superioribus
930 3007 1057 3044 casibus,

241 3046 475 3094 proportionalia
489 3047 640 3087 quadratis
655 3048 866 3087 distantiarum
887 3050 1020 3089 ipsarum
1041 3060 1060 3080 a
1102 3052 1335 3084 constitutarum
1351 3059 1486 3093 tempora
1501 3054 1652 3093 periodica
1659 3061 1828 3095 aequnnttm
1844 3055 1923 3095 ipsa-

181 3118 183 3120 ,
242 3094 345 3117 centro
360 3087 451 3127 globi.
1105 3104 1175 3124 rum
1198 3094 1275 3126 vires
1296 3095 1476 3136 centrisugae
1498 3104 1569 3127 sunt
1583 3098 1662 3128 inter
1675 3108 1706 3128 se
1722 3104 1756 3128 ut
1769 3097 1845 3129 radii
1865 3098 1924 3129 cir-
