2066 3548
251 232 334 270 196
676 227 1126 273 PHILOSOPHIAE
1157 227 1516 273 NATURALIS
1585 229 1734 282 [Mor.
1754 226 1954 285 Gomon.

247 337 411 380 duobus
431 339 472 380 A
491 347 534 381 et
554 340 605 390 B,
628 347 669 382 et
688 340 816 382 altera
834 341 920 382 duo
941 342 977 383 F
996 348 1038 383 et
1059 341 1102 383 G
1121 341 1164 382 in
1183 341 1305 383 tertio
1327 340 1363 383 C
1374 356 1386 391 3
1408 341 1540 397 sitque
1558 341 1751 384 velocitas
1767 342 1950 398 corporis

247 408 294 451 D
313 409 367 450 ad
385 409 643 452 velocitatem
670 411 854 466 corporis
877 411 927 462 E,
958 420 1000 453 et
1029 411 1221 452 velocitas
1247 411 1431 466 corporis
1454 411 1490 453 F
1508 410 1562 452 ad
1581 411 1837 454 velocitatem
1857 426 1947 454 cor-

243 482 355 536 poris
373 482 416 524 G
435 482 478 523 in
499 482 782 537 subduplicatfi
802 483 959 525 ratione
979 484 1126 525 virium
1148 483 1189 524 T
1209 483 1263 525 ad
1283 484 1389 525 vires
1411 483 1474 525 V:
1504 483 1734 525 resistentia
1761 484 1945 540 corp0ris

241 553 288 595 D
307 554 386 596 erit
405 554 456 595 ad
478 554 750 595 resistentiam
770 555 952 609 corporis
975 554 1025 604 E,
1048 562 1090 595 et
1108 554 1338 596 resistentia
1353 554 1536 608 corporis
1554 553 1589 595 F
1601 554 1653 595 ad
1673 554 1945 597 resistentiam

239 625 425 680 corporis
447 625 503 675 G,
535 623 580 679 (f)
602 625 645 666 in
673 625 937 667 velocitatum
965 625 1123 666 ratione
1143 623 1348 679 duplicata
1360 641 1373 675 3
1403 632 1446 666 et
1464 632 1685 679 propterea
1712 624 1942 666 resistentia

237 696 422 750 corporis
452 696 497 738 D
527 695 604 738 erit
632 695 687 737 ad
715 695 986 738 resistentiam
1021 695 1203 749 corporis
1226 694 1260 736 F
1280 703 1327 736 ut
1345 694 1575 736 resistentia
1603 694 1788 749 corporis
1819 694 1858 736 E
1886 694 1941 737 ad

236 766 509 808 resistentiam
529 766 713 821 corporis
735 766 791 808 G.
838 766 972 808 Sunto
992 779 1167 820 corpora
1182 765 1226 806 D
1240 773 1281 806 et
1301 765 1337 806 F
1356 764 1620 820 aequivelocia
1638 772 1685 806 ut
1703 771 1745 806 et
1764 777 1940 821 corpora

237 838 275 880 E
295 846 337 880 et
358 839 423 889 G;
459 847 500 881 et
519 840 709 897 augendo
737 840 972 882 velocitates
1003 854 1224 894 corporum
1245 839 1289 881 D
1310 847 1352 881 et
1373 839 1408 880 F
1427 839 1471 881 in
1490 841 1649 881 ratione
1677 838 1934 896 quacunque,

233 925 282 952 ac
311 911 579 953 diminuendo
608 912 714 953 vires
741 912 1035 967 particular-um
1064 912 1190 969 medii
1220 911 1258 954 B
1284 911 1328 952 in
1357 910 1502 953 eadem
1530 912 1688 953 ratione
1714 909 1934 967 duplicata,

232 982 284 1037 (⁸)
305 981 472 1023 accedet
491 982 674 1024 medium
696 983 732 1024 B
753 983 805 1024 ad
825 981 999 1024 formam
1020 991 1062 1025 et
1081 983 1360 1025 conditionem
1387 983 1514 1024 medii
1545 983 1581 1025 C
1609 997 1688 1038 pro
1715 983 1862 1034 lubitu,
1893 989 1935 1038 et

229 1052 385 1095 idcirco
419 1053 661 1095 resistentioe
690 1068 912 1108 corporum
944 1054 1165 1110 aequalium
1194 1062 1236 1096 et
1264 1053 1576 1110 aequivelocium
1604 1053 1643 1095 E
1663 1060 1704 1095 et
1725 1052 1769 1095 G
1796 1053 1840 1094 in
1869 1052 1934 1094 his

227 1125 386 1176 mediis,
408 1124 610 1180 perpetuo
629 1124 825 1167 accedent
843 1124 898 1166 ad
917 1125 1205 1181 aequalitatem,
1227 1125 1285 1167 ita
1304 1132 1351 1166 ut
1369 1138 1512 1166 earum
1531 1123 1777 1165 differentia
1786 1123 1935 1165 evadat

226 1194 393 1236 tandem
412 1196 548 1236 minor
568 1210 692 1251 quam
712 1195 807 1237 data
827 1196 993 1252 quaevis.
1056 1196 1236 1239 Proinde
1257 1195 1352 1238 cum
1371 1195 1614 1238 resistentiae
1644 1209 1866 1250 corporum
1885 1195 1932 1237 D

225 1273 267 1308 et
288 1266 323 1307 F
343 1266 424 1308 sint
442 1267 495 1308 ad
515 1267 756 1308 invicem-ut
775 1267 1016 1309 resistentiae
1037 1282 1258 1323 corporum
1280 1267 1318 1308 E
1338 1274 1380 1308 et
1400 1266 1456 1317 G,
1488 1264 1684 1307 accedent
1712 1264 1835 1307 etiam
1863 1264 1931 1307 hae

224 1332 410 1379 similiter
429 1339 483 1380 ad
502 1338 705 1380 rationem
724 1339 982 1395 aequalitatis.
1046 1339 1286 1394 Corporum
1314 1338 1441 1395 igitur
1461 1338 1506 1380 D
1526 1343 1567 1378 et
1588 1337 1636 1388 F,
1667 1336 1739 1378 ubi
1758 1336 1931 1379 velocis-
1990 1368 1993 1370 —

222 1406 324 1449 sime
343 1416 573 1459 moventur,
595 1409 836 1450 resistentiae
857 1416 951 1451 sunt
965 1409 1143 1465 aequales
1160 1423 1283 1465 quam
1294 1406 1510 1466 proxime:
1539 1413 1581 1448 et
1598 1414 1819 1462 propterea
1833 1406 1930 1449 cum

220 1477 453 1520 resistentia
481 1479 666 1534 corporis
699 1480 734 1520 F
757 1480 809 1521 sit
834 1480 878 1520 in
908 1467 1115 1535 duplicata
1145 1480 1304 1521 ratione
1324 1478 1562 1529 velocitatis,
1594 1477 1671 1521 erit
1698 1477 1929 1522 resistentia

219 1550 403 1604 corporis
423 1551 467 1593 D
487 1550 531 1592 in
551 1550 696 1593 eadem
716 1552 875 1594 ratione
894 1551 1018 1607 quam
1035 1552 1237 1607 proxime.

276 1619 327 1675 (h)
352 1621 482 1663 Corol.
507 1627 546 1663 3.
608 1621 804 1677 Corporis
823 1622 867 1662 in
886 1622 1016 1663 fluido
1036 1622 1180 1678 quovis
1201 1622 1368 1663 elastico
1387 1619 1640 1664 velocissime
1658 1621 1761 1663 moti
1780 1619 1927 1663 eadem

214 1688 300 1731 fere
320 1698 381 1732 est
399 1691 629 1733 resistentia
647 1707 695 1734 ac
715 1692 748 1733 si
766 1701 904 1747 partes
916 1693 1032 1734 fluidi
1052 1693 1206 1734 viribus
1227 1693 1310 1734 suis
1331 1692 1570 1750 centrifugis
1590 1692 1923 1742 destituerentur,

215 1776 342 1818 seque
369 1771 515 1804 mutuo
540 1777 626 1804 non
651 1763 863 1821 fugerent:
897 1765 931 1806 si
959 1765 1086 1807 modo
1113 1765 1231 1806 fluidi
1260 1766 1320 1806 vis
1349 1765 1516 1807 elastica
1543 1779 1597 1806 ex
1626 1763 1924 1819 particularum

214 1832 368 1874 viribus
388 1833 625 1890 centrifugis
644 1835 813 1886 oriatur,
835 1842 878 1876 et
898 1835 1090 1877 velocitas
1109 1834 1216 1876 adeo
1235 1850 1387 1892 magna
1401 1836 1454 1877 sit
1466 1842 1512 1878 ut
1523 1835 1630 1877 vires
1644 1849 1731 1877 non
1742 1834 1924 1878 habeant

213 1902 310 1944 satis
330 1903 525 1957 temporis
545 1903 598 1944 ad
619 1904 838 1960 agendum.

272 1975 401 2016 Corol.
423 1980 463 2015 4.
511 1975 692 2017 Proinde
706 1975 801 2017 cum
816 1976 1058 2018 resistentiae
1078 1977 1272 2019 similium
1292 1985 1332 2019 et
1351 1977 1662 2033 aequivelocium
1682 1990 1918 2032 corporum,

210 2044 254 2085 in
287 2044 425 2086 medio
454 2046 568 2100 cujus
598 2053 735 2100 partes
764 2046 963 2088 distantes
993 2061 1037 2088 se
1065 2055 1211 2088 mutuo
1239 2061 1325 2089 non
1353 2047 1532 2104 fugiunt,
1569 2046 1613 2102 (¹)
1635 2047 1717 2089 sint
1745 2054 1793 2089 ut
1818 2062 1924 2104 qua-v

210 2114 328 2157 drata
371 2115 688 2166 diametrorum3
731 2125 827 2159 sunt
860 2118 982 2159 etiam
1023 2118 1335 2174 aequivelocium
1374 2126 1416 2161 et
1454 2118 1666 2161 celerrime
1709 2125 1919 2161 motorum

209 2202 430 2242 corporum
460 2189 701 2231 resistentiae
731 2189 775 2231 in
801 2190 931 2232 fluido
961 2190 1128 2233 elastico
1157 2198 1205 2233 ut
1232 2190 1432 2247 quadrata
1466 2190 1762 2232 diametrorum
1791 2187 1918 2246 quem

206 2257 408 2313 proxime.
1278 2304 1287 2309 s

267 2331 395 2372 Corol.
418 2336 457 2372 5.
518 2331 575 2372 Et
604 2329 697 2373 cum
728 2346 903 2387 corpora
933 2333 1091 2383 similia,
1125 2333 1299 2389 aequalia
1328 2340 1369 2375 et
1397 2331 1673 2389 aequivelocia,
1703 2331 1748 2373 in
1765 2330 1911 2373 mediis

207 2399 389 2457 ejusdem
408 2399 632 2452 densitatis,
655 2417 832 2457 quorum
846 2403 1059 2458 particulae
1080 2418 1124 2445 se
1143 2412 1288 2445 mutuo
1302 2418 1388 2444 non
1402 2403 1587 2460 fugiunt,
1600 2403 1684 2445 sive
1695 2393 1909 2458 particulae
1939 2432 1950 2458 :2

205 2473 287 2515 illae
307 2473 389 2514 sint
407 2473 545 2528 plures
567 2481 607 2515 et
625 2474 820 2525 minores,
843 2475 927 2516 sive
946 2475 1161 2530 pauciores
1182 2483 1223 2516 et
1242 2475 1430 2530 majores,
1452 2475 1496 2516 in
1512 2474 1712 2530 aequalem
1725 2474 1909 2515 materiae
1944 2461 1949 2465 ι

205 2547 472 2602 quantitatem
512 2548 766 2602 temporibus
810 2548 1036 2604 aequalibus
1079 2547 1323 2604 impingant,
1373 2547 1493 2603 eique
1531 2545 1732 2603 aequalem
1770 2554 1908 2589 motus

245 2641 286 2683 (f)
303 2643 317 2662 ¹¹
336 2644 378 2673 In
398 2643 591 2673 velocitatum
615 2644 731 2673 ratione
755 2642 918 2683 duplicata.
966 2643 1035 2685 (Ex
1080 2645 1113 2675 D
1136 2649 1277 2675 movetur
1291 2653 1324 2675 se
1337 2643 1475 2685 fugiunt,
1499 2642 1733 2684 qualiscumque
1757 2643 1905 2683 suppod-

201 2682 417 2714 demonstratis
430 2684 524 2715 initio
541 2684 644 2715 Corol.
664 2685 787 2726 hujus.)
1076 2692 1143 2724 tui-3
1160 2695 1321 2725 corporum
1336 2686 1368 2717 D
1380 2693 1411 2717 et
1427 2686 1454 2716 F
1463 2686 1516 2717 ubi
1530 2684 1717 2716 velocissime
1730 2692 1903 2725 moventur,

245 2726 289 2767 (⁸)
307 2728 324 2746 ²*
341 2728 472 2758 Accedet
487 2728 624 2758 medium
639 2728 679 2763 B,
695 2728 751 2757 διε.
801 2727 831 2758 Si
854 2727 937 2757 enim
953 2727 1035 2758 velo·
1077 2728 1255 2759 resistentiis
1269 2728 1462 2759 manentibus
1471 2727 1639 2768 aequalibus
1649 2737 1743 2768 quam
1754 2727 1900 2768 proxime,

200 2767 305 2798 citates
326 2778 492 2808 corporum
510 2769 543 2799 D
558 2775 589 2799 et
607 2768 641 2804 F,
669 2779 762 2809 quam
783 2769 916 2800 maxime
940 2780 1035 2810 auge·
1077 2771 1149 2801 licet
1163 2770 1257 2801 medii
1271 2771 1297 2802 C
1312 2771 1344 2801 in
1359 2780 1420 2810 quo
1434 2779 1545 2809 corpus
1562 2770 1588 2801 F
1601 2777 1753 2808 movetur,
1768 2770 1903 2810 porticu„-

199 2816 308 2840 rentur
329 2810 408 2840 vires
423 2811 644 2850 particularum
666 2811 761 2841 medii
779 2812 816 2847 B,
840 2813 1035 2842 manentibus
1077 2814 1116 2843 1ae
1130 2813 1243 2843 viribus
1257 2811 1435 2853 centrifugis
1449 2822 1570 2852 prorsus
1585 2812 1798 2843 destituantur.
1839 2811 1900 2843 Pa·

198 2851 314 2882 viribus
340 2852 434 2883 medii
453 2855 482 2884 A
499 2859 530 2884 et
546 2853 705 2885 velocitate
730 2853 864 2893 corporis
887 2854 916 2884 E
939 2864 1032 2893 quam
1075 2860 1119 2885 tet
1133 2855 1224 2885 etiam
1233 2865 1271 2885 ex
1283 2855 1413 2896 eoquod
1427 2861 1618 2893 supponatur
1626 2855 1704 2885 vires
1711 2863 1775 2885 non
1789 2855 1902 2885 habero

197 2893 332 2924 maxime
354 2894 576 2932 decrescerent,
599 2895 673 2935 quia
687 2902 732 2926 est
747 2906 866 2935 semper
881 2895 925 2926 vis
939 2895 1033 2926 medii
1077 2897 1149 2927 satis
1164 2897 1307 2936 temporis
1321 2896 1358 2927 ad
1374 2906 1390 2926 a
1413 2896 1538 2933 endum,
1562 2897 1646 2927 unde
1659 2906 1748 2927 casus
1761 2895 1840 2927 redit
1859 2894 1901 2927 nd

199 2934 234 2964 A
247 2935 287 2964 ad
303 2936 363 2966 vim
379 2937 474 2967 medii
493 2938 522 2968 B
538 2943 574 2967 ut
588 2937 774 2978 quadratum
789 2937 956 2968 velocitatis
965 2947 1032 2968 cor—
1076 2948 1148 2969 eum
1164 2939 1198 2968 in'
1210 2949 1274 2980 quo
1287 2939 1365 2969 vires
1378 2906 1440 2968 ἥξω
1455 2938 1550 2968 nullae
1564 2944 1646 2969 sunt.
1923 2941 1931 2947 ’

196 2976 279 3016 poris
297 2977 329 3007 D
344 2978 382 3008 ad
397 2979 584 3018 quadratum
601 2980 768 3011 velocitatis
782 2979 916 3020 corporis
932 2980 972 3010 E.
1115 2980 1156 3022 (¹)
1175 2983 1191 3000 ⁴*
1209 2983 1277 3012 Sint
1297 2987 1332 3013 ut
1346 2982 1495 3021 quadrata
1510 2982 1736 3013 diametrorum.
1785 2979 1846 3011 Per
1865 2981 1896 3010 2.

239 3018 290 3059 (ὴ)
308 3021 325 3038 '‘
345 3022 546 3052 Corollarium
567 3025 598 3052 3.
649 3022 739 3052 Patet
763 3032 817 3061 per
845 3023 916 3052 Cor.
943 3025 970 3052 2.
997 3022 1030 3052 in
1072 3030 1190 3061 partem
1212 3022 1292 3053 dem.
1320 3021 1411 3061 Prop.
1436 3023 1540 3063 hujus,
1566 3024 1606 3054 ob
1630 3022 1716 3054 datas
1737 3028 1900 3063 eorponm

194 3070 259 3102 quo
274 3060 319 3090 vis
327 3061 367 3099 T,
378 3061 441 3098 qua
455 3063 613 3095 nmiculae
635 3063 731 3094 medii
749 3066 779 3094 A
795 3064 828 3094 iu
843 3073 906 3105 quo
920 3073 1031 3103 corpus
1074 3064 1249 3096 velocitates
1263 3070 1294 3096 et
1306 3064 1400 3096 medii
1414 3063 1595 3096 densitatem
1608 3064 1722 3097 damn.

357 3112 377 3128 ⁴·
