2066 3548
228 254 279 288 38
664 243 1110 289 PHILOSOPHIAE
1143 233 1499 286 NATURALIS
1526 236 1530 239 ’
1556 241 1700 292 [Mor.
1723 224 1913 295 coma.

226 360 267 404 A
290 361 327 403 B
351 370 385 404 Χ
418 362 460 404 Κ
479 362 531 412 k;
562 368 603 404 et
622 363 779 414 ultimo,
812 363 883 404 ubi
904 364 1053 404 co'e‘unt
1075 361 1115 402 A
1138 360 1176 402 B
1205 367 1246 401 et
1278 359 1319 400 K
1338 359 1380 408 k,
1416 365 1463 399 ut
1491 357 1531 398 A
1552 355 1590 396 B
1609 371 1649 411 q.
1710 356 1767 397 Et
1797 355 1920 397 simili

225 440 470 489 argumento
499 441 620 474 erunt
652 434 693 474 K
713 434 741 474 k
761 458 818 465 —-
841 433 875 473 L
895 433 923 483 l,
957 432 994 474 L
1014 431 1029 472 l
1048 456 1105 464 —
1125 430 1177 472 M
1197 445 1252 480 m,
1284 431 1359 471 &a
1379 436 1425 469 ut
1446 428 1488 469 K
1507 428 1537 468 k
1557 427 1679 483 quad.
1701 426 1740 469 L
1759 426 1774 467 l
1794 425 1918 483 quad.

225 505 301 546 διο.
361 505 586 547 Linearum
605 506 731 562 igitur
753 506 792 547 A
818 505 868 555 Β,
895 505 936 545 Κ
955 504 997 554 k,
1021 503 1059 544 L
1079 503 1108 554 l,
1141 502 1192 543 M
1213 517 1253 542 m
1284 500 1483 557 quadrata
1511 506 1609 541 sunt
1627 505 1674 540 nt
1694 497 1919 540 earundem

225 573 490 624 differentiae3
511 577 552 616 et
570 575 724 616 idcirco
744 589 838 616 cum
858 573 1057 629 quadrata
1076 571 1336 613 velocitatum
1356 570 1507 612 fuerint
1521 569 1644 610 etiam
1671 575 1719 609 ut
1737 567 1919 623 ipsarum

225 645 479 696 differentiae,
519 646 569 700 (Β)
603 645 743 686 similis
776 645 853 686 erit
878 643 1017 684 amba-

226 731 318 758 rum
348 717 593 773 progressio.
655 715 706 772 (ὴ)
729 716 827 766 Quo
847 715 1017 756 demon·
1102 702 1132 734 H

226 796 366 838 strato,
419 802 671 843 consequens
710 794 769 828 est
813 787 935 828 etiam
974 793 1018 826 ut

227 874 334 900 areae
367 859 432 900 his
463 859 581 900 lineis
615 845 832 913 descriptae
867 858 947 897 sint
976 857 1017 896 in

226 930 512 987 progressione
533 929 733 971 consimili
758 939 852 970 cum
879 927 1018 982 spatiis

228 1017 321 1058 quae
373 1002 654 1043 velocitatibus
717 1000 1016 1042 describuntur.

231 1074 346 1130 Ergo
366 1074 400 1115 si
421 1073 618 1114 velocitas
637 1072 755 1113 initio
773 1071 896 1126 primi
916 1079 1019 1112 tem-

229 1144 342 1198 poris
371 1144 409 1184 A
434 1143 475 1184 K
508 1150 739 1197 exponatur
767 1156 842 1195 per
870 1141 1020 1181 lineam

230 1216 270 1256 A
294 1215 344 1260 B.
386 1223 427 1256 et
466 1214 658 1255 velocitas
698 1212 815 1253 initio
854 1212 1021 1252 secundi

233 1285 274 1326 K
295 1286 334 1326 L
353 1300 428 1340 per
447 1285 595 1325 lineam
620 1284 662 1325 K
683 1284 724 1334 k,
747 1291 788 1325 et
806 1283 1023 1340 longitudo

227 1357 363 1411 primo
379 1364 563 1411 tempore
579 1355 784 1410 descripta
798 1370 873 1411 per
885 1370 1022 1398 aream

230 1429 270 1470 A
294 1429 336 1470 K
355 1429 384 1469 k
407 1428 466 1477 B;
497 1427 730 1469 velocitates
760 1441 902 1468 omnes
924 1428 1021 1469 sub-

230 1508 444 1555 sequentes
465 1506 724 1553 exponentur
742 1512 818 1552 per
836 1498 964 1539 lineas
986 1500 1279 1557 subsequentes
1311 1501 1349 1542 L
1369 1500 1397 1550 l,
1421 1499 1473 1541 M
1493 1514 1549 1550 m,
1572 1499 1647 1540 Sec.
1678 1504 1720 1539 et
1747 1496 1928 1554 longitu-

230 1570 346 1611 dines
366 1570 582 1624 descriptae
602 1583 678 1624 per
697 1583 811 1610 areas
834 1569 877 1610 K
897 1569 924 1620 l,
948 1570 987 1611 L
1012 1586 1065 1621 m,
1088 1573 1163 1613 &c.
1225 1573 1280 1614 Et
1300 1570 1538 1626 composite,
1561 1571 1596 1612 si
1614 1577 1776 1623 tempus
1797 1575 1929 1610 totum

230 1650 461 1696 exponatur
488 1656 564 1696 per
596 1654 797 1682 summam
825 1641 1004 1695 partium
1035 1655 1203 1683 suarum
1225 1643 1265 1684 A
1289 1643 1353 1692 M,
1385 1641 1601 1698 longitudo
1620 1648 1706 1682 tota
1726 1639 1932 1693 descripta

230 1720 461 1766 exponetur
480 1726 554 1765 per
577 1724 776 1751 summam
793 1711 971 1764 partium
992 1726 1158 1753 suarum
1189 1713 1229 1753 A
1252 1712 1303 1753 M
1323 1727 1366 1752 m
1388 1712 1438 1753 B.
1498 1710 1683 1764 Concipe
1711 1710 1798 1764 jam
1827 1716 1931 1749 tem-

231 1797 307 1836 pus
329 1782 363 1821 A
390 1779 442 1822 M
462 1781 518 1822 ita
538 1780 664 1821 dividi
684 1780 727 1820 in
746 1787 882 1834 partes
903 1781 943 1821 A
966 1781 1021 1831 K,
1057 1782 1098 1823 K
1121 1782 1172 1832 L,
1206 1782 1244 1823 L
1267 1781 1331 1831 M,
1365 1782 1440 1823 &c.
1473 1789 1520 1822 ut
1548 1780 1630 1822 sint
1661 1780 1697 1821 C
1719 1780 1772 1829 A,
1807 1778 1844 1820 C
1873 1777 1930 1828 K,

234 1853 270 1893 C
294 1852 344 1902 L,
369 1852 404 1893 C
428 1851 492 1901 M,
530 1852 606 1893 διο.
642 1851 686 1890 in
714 1851 1003 1907 progressione
1032 1851 1280 1908 geometrica
1292 1867 1304 1901 ;
1337 1851 1380 1906 (¹)
1402 1858 1443 1892 et
1463 1859 1584 1892 erunt
1610 1858 1748 1904 partes
1777 1848 1860 1890 illae
1888 1849 1932 1889 in

232 1923 378 1967 efidem
406 1923 707 1980 progressione,
743 1921 792 1976 (k)
814 1930 855 1964 et
874 1923 1108 1965 velocitates
1141 1924 1181 1965 A
1203 1923 1254 1974 B,
1280 1923 1320 1963 K
1341 1923 1382 1972 k,
1406 1923 1444 1964 L
1463 1922 1490 1972 l,
1515 1921 1567 1963 M
1587 1936 1642 1971 m,
1676 1921 1751 1962 &c.
1773 1920 1815 1959 in
1835 1933 1932 1974 pro-

233 1996 445 2053 gressione
466 1994 609 2035 eadem
630 1992 803 2043 inversa,
842 1994 889 2047 (¹)
912 2002 1033 2051 atque
1054 1994 1184 2048 spatia
1213 1993 1416 2047 descripta
1453 1992 1492 2034 A
1515 1992 1555 2042 k,
1589 1991 1632 2032 K
1651 1990 1679 2040 l,
1711 1989 1749 2031 L
1767 2004 1824 2040 m,
1855 1991 1931 2031 διο.

234 2066 418 2123 aequalia.
482 2065 534 2114 Q.
558 2080 592 2106 e.
615 2065 655 2106 d.

1140 1391 1171 1428 C
1407 1392 1540 1428 AKI.
1558 1391 1609 1427 Μ
1659 1391 1696 1426 Τ
1861 1389 1900 1426 D

293 2139 422 2179 Corol.
448 2143 484 2177 1.
519 2137 638 2177 Patet
658 2149 758 2192 ergo
778 2137 902 2191 quod,
926 2136 959 2177 si
979 2145 1140 2191 tempus
1161 2144 1392 2192 exponatur
1420 2150 1496 2190 per
1524 2133 1744 2190 asymptoti
1772 2140 1932 2188 partem

235 2207 418 2263 quamvis
440 2207 479 2247 A
501 2206 559 2255 D,
581 2214 622 2246 et
642 2205 832 2246 velocitas
851 2207 893 2246 in
913 2207 1118 2261 principio
1138 2207 1333 2261 temporis
1353 2221 1429 2260 per
1448 2205 1667 2246 ordinatim
1686 2203 1932 2258 applicatam

237 2282 277 2321 A
300 2272 360 2327 133
391 2276 582 2318 velocitas
602 2276 646 2317 in
666 2276 749 2317 fine
770 2278 965 2331 temporis
998 2286 1229 2332 exponetur
1256 2292 1331 2332 per
1360 2277 1589 2318 ordinatam
1618 2275 1663 2316 D
1686 2274 1742 2324 G,
1778 2282 1820 2316 et
1839 2289 1931 2329 spa-

237 2351 339 2391 tium
368 2356 500 2390 totum
520 2347 771 2401 descriptum
792 2362 866 2402 per
886 2363 1023 2389 aream
1054 2348 1361 2404 hyperbolicam
1391 2347 1641 2402 adjacentem
1677 2345 1718 2386 A
1741 2345 1778 2387 Β
1799 2347 1842 2388 G
1863 2346 1931 2395 D;

281 2494 326 2536 (Β)
343 2497 360 2514 ³¹⁵
379 2494 489 2525 Similis
503 2494 559 2525 erit
573 2494 732 2524 ambarum
744 2493 907 2532 progressio
917 2507 928 2529 ,-
951 2498 982 2522 et
995 2490 1066 2522 ide&
1106 2491 1200 2529 tricae,
1225 2496 1298 2522 sunt
1322 2491 1355 2521 in
1378 2490 1485 2521 eddom
1509 2489 1720 2530 progressione
1733 2488 1928 2531 geometrica.

238 2537 411 2567 velocitates
433 2534 563 2576 singulis
583 2541 756 2573 temporum
779 2534 943 2574 aequalium
969 2534 999 2564 A
1020 2533 1063 2570 K,
1109 2534 1192 2564 Nam
1217 2543 1289 2564 cum
1312 2534 1351 2563 sit
1375 2534 1401 2563 C
1427 2534 1480 2563 A·:
1503 2533 1528 2563 C
1553 2532 1586 2562 K
1600 2544 1646 2561 =
1665 2532 1691 2562 C
1714 2531 1771 2562 K:
1793 2531 1819 2562 C
1843 2531 1932 2562 L==

242 2579 275 2609 K
293 2579 332 2615 L,
351 2579 379 2608 L
396 2578 444 2614 M,
460 2578 515 2608 &a
532 2576 627 2607 initiis
640 2577 752 2616 exponi
763 2583 890 2616 possunt
904 2586 959 2615 per
969 2575 1064 2607 lineas
1109 2575 1135 2607 C
1154 2576 1182 2606 L
1199 2588 1205 2606 :
1226 2575 1253 2606 C
1266 2573 1316 2613 M,
1330 2575 1399 2611 δια,
1415 2574 1472 2605 erit
1486 2574 1652 2605 auferendo
1672 2572 1880 2604 antecedenti·
1895 2583 1934 2604 ex

244 2621 272 2651 A
293 2621 331 2656 B,
349 2620 382 2650 K
397 2620 429 2657 k,
447 2620 476 2651 L
490 2619 511 2656 l,
528 2621 583 2650 διο.
1109 2617 1357 2648 antecedentibus
1378 2622 1409 2646 et
1429 2615 1643 2656 consequentia
1664 2625 1701 2645 ex
1724 2615 1936 2655 consequenti-

283 2662 333 2703 (ὴ)
351 2665 367 2681 *
390 2665 454 2696 Quo
468 2664 677 2698 demonstrato,
692 2671 872 2701 consequens
886 2666 926 2691 est
942 2665 976 2691 ue
990 2671 1068 2690 areae
1109 2661 1168 2690 bus
1185 2660 1211 2691 C
1230 2661 1280 2690 A:
1303 2660 1328 2690 C
1346 2659 1378 2689 K
1393 2671 1438 2688 =
1453 2659 1483 2689 A
1502 2658 1535 2689 K
1551 2670 1559 2689 ι
1581 2658 1613 2688 Κ
1630 2657 1660 2688 L
1673 2669 1719 2687 =
1734 2657 1766 2688 K
1781 2658 1826 2689 L:
1844 2657 1935 2695 LM,

244 2702 1067 2741 ABkK‚Kle,leM,&c.sintinpro-
1110 2702 1165 2733 διε.

239 2748 386 2787 gressione
412 2748 553 2777 consimili
573 2757 646 2778 cum
667 2747 767 2785 spatiis
783 2755 851 2785 quae
872 2745 1068 2775 velocitatibus
1154 2743 1201 2786 (¹¹)
1219 2746 1235 2763 ⁸
1254 2744 1297 2775 Ee
1311 2744 1472 2775 velocitates
1487 2743 1518 2773 A
1532 2744 1573 2779 B,
1590 2743 1661 2779 Kk,
1680 2742 1707 2772 L
1722 2743 1743 2778 l,
1761 2743 1800 2772 M
1812 2752 1854 2777 m,
1866 2742 1936 2784 4⁶„

247 2790 277 2819 A
294 2789 333 2825 B,
363 2788 395 2818 K
410 2787 441 2824 k,
467 2788 495 2817 L
510 2788 531 2825 l,
554 2789 622 2824 &c.,
643 2785 842 2827 tempusculis
866 2787 896 2817 A
915 2786 958 2823 K,
978 2786 1010 2816 K
1028 2786 1066 2822 L,
1110 2787 1144 2817 in
1163 2787 1365 2826 1mogressione
1385 2784 1486 2816 eddem
1512 2783 1638 2816 ι’πυονεᾶ.
1689 2783 1847 2823 Siquidem
1868 2785 1937 2825 (per

246 2831 275 2861 L
293 2831 340 2867 M,
356 2830 426 2866 &c.,
441 2832 650 2862 describuntur
668 2830 749 2872 (14).
1113 2829 1225 2859 Theor.
1247 2828 1306 2859 IV.
1325 2827 1364 2858 de
1376 2827 1483 2867 Hyp.)
1501 2833 1545 2856 est
1561 2827 1590 2856 A
1611 2826 1638 2856 B
1654 2832 1690 2856 ut
1707 2826 1732 2856 C
1752 2827 1793 2863 A,
1809 2824 1936 2862 inverse,

287 2872 327 2911 (¹)
352 2876 402 2903 78.
430 2874 446 2891 ‘
470 2874 512 2902 Et
535 2879 628 2904 erunt
651 2877 750 2912 partes
775 2872 832 2902 illae
859 2870 889 2901 A
908 2870 951 2907 K,
981 2869 1013 2900 K
1030 2869 1070 2907 L,
1117 2870 1150 2900 K
1165 2869 1186 2899 k
1202 2875 1237 2900 ut
1254 2870 1280 2901 C
1298 2869 1331 2900 K
1346 2869 1471 2900 inverse.

246 2915 275 2945 L
290 2914 338 2949 M,
363 2914 418 2944 διο.
443 2923 514 2953 quae
528 2921 600 2945 sunt
615 2911 795 2945 differentiae
809 2913 960 2943 linearum
984 2913 1010 2943 C
1029 2914 1070 2950 A,
1158 2911 1196 2952 (¹)
1225 2914 1242 2931 *
1274 2913 1374 2952 Aeque
1402 2912 1496 2950 spatia
1532 2911 1686 2950 descripta,
1726 2910 1755 2940 A
1787 2909 1814 2940 Β
1839 2908 1860 2940 k
1893 2907 1936 2943 K,

249 2958 275 2987 C
294 2957 337 2991 K,
357 2957 382 2986 C
403 2956 439 2992 L,
458 2955 484 2986 C
503 2956 551 2992 M,
579 2957 633 2986 διο.
663 2957 696 2986 ir·
721 2955 830 2986 eadem
850 2954 1068 3003 progressione.
1116 2953 1149 2984 K
1167 2954 1188 2984 k
1210 2953 1220 2983 1
1237 2954 1275 2992 L,
1305 2952 1358 2985 Ll
1381 2963 1412 2983 m
1428 2953 1476 2990 M,
1504 2953 1574 2990 &c.,
1598 2952 1727 2994 oequalia
1751 2955 1837 2994 (380.
1865 2951 1934 2983 Lib.

250 2997 442 3030 Differentiae
464 2997 546 3028 enim
569 2999 703 3039 cujusvis
717 2997 934 3039 progressionis
949 3006 1071 3038 geome-
1116 2995 1162 3036 1.)
1513 2991 1523 2999 ”
