2066 3548
213 259 294 295 134·
649 252 1101 298 PHILOSOPHIAE
1133 255 1494 298 NATURALIS
1548 256 1702 308 [Mor.
1721 257 1939 305 Gomon..

270 370 400 410 Corol.
422 374 463 411 5.
526 369 710 411 Proinde
731 384 880 425 corpus
901 370 1013 426 quod
1034 369 1225 425 specifice
1244 370 1411 427 gravius
1432 378 1495 412 est
1515 370 1640 427 quam
1651 371 1826 414 fluidum
1846 372 1926 414 sibi

210 443 466 500 contiguum,
490 443 733 494 subsidebit,
757 452 798 486 et
819 444 930 500 quod
953 443 1143 499 specifice
1163 444 1293 484 levius
1314 452 1376 484 est
1396 443 1601 494 ascendet,
1623 452 1865 501 motumque
1880 445 1927 487 'et

208 516 356 574 figurae
385 516 657 559 mutationem
686 525 973 573 consequetur,
1008 524 1207 573 quantum
1220 516 1429 557 ‘excessus
1449 516 1518 557 ille
1537 515 1603 557 vel
1623 516 1806 558 defectus
1827 531 1926 573 gra-

207 589 343 631 vitatis
364 589 526 631 efficere
546 588 690 644 possit.
752 590 944 645 Namque
972 603 1164 631 excessus
1192 588 1262 630 ille
1283 589 1347 631 vel
1366 589 1549 630 defectus
1576 583 1781 631 rationem
1799 590 1927 632 habet
1973 615 1977 617 >

207 661 424 717 impulsuS,
448 677 531 718 quo
551 676 716 717 corpus,
749 662 849 704 alias
869 666 913 703 in
933 661 1165 718 aequilibrio
1185 676 1281 704 cum
1294 662 1412 703 fluidi
1431 662 1618 718 partibus
1640 663 1924 714 constitutum,

207 743 405 790 urgetur;
435 741 477 774 et
497 733 728 788 comparari
754 741 891 788 potest
912 748 1006 775 cum
1027 747 1202 774 excessu
1230 733 1296 774 vel
1325 733 1489 775 defectu
1517 733 1715 789 ponderis
1735 734 1778 775 in
1808 734 1928 777 lance

209 804 406 846 alterutra
423 804 554 846 librae.

268 879 397 920 Corol.
419 885 459 921 6.
522 879 759 934 Corporum
779 879 907 935 igitur
926 879 970 919 in
984 878 1122 919 fluidis
1145 878 1463 920 constitutorum
1485 879 1644 934 duplex
1656 886 1719 921 est
1731 879 1925 936 gravitas,

207 951 336 992 altera
355 967 453 993 vera
473 961 514 993 et
534 952 736 1003 absoluta,
759 952 888 993 altera
908 966 1125 1007 apparens,
1158 951 1340 1007 vulgaris
1361 959 1403 992 et
1423 951 1715 1006 comparativa.
1777 952 1929 994 Gravi-

207 1023 269 1064 tas
297 1022 486 1064 absoluta
506 1031 568 1064 est
588 1023 648 1064 vis
669 1031 757 1064 tota
777 1023 857 1079 qua
879 1038 1029 1078 corpus
1060 1022 1255 1063 deorsum
1286 1022 1443 1063 tendit:
1477 1023 1648 1064 relativa
1676 1030 1719 1064 et
1747 1022 1929 1079 vulgaris

207 1102 268 1136 est
302 1110 494 1138 excessus
524 1097 736 1154 gravitatis
767 1111 851 1152 quo
880 1111 1031 1150 corpus
1061 1095 1192 1152 magis
1221 1095 1355 1137 tendit
1384 1095 1579 1136 deorsum
1610 1109 1735 1151 quam
1753 1095 1931 1136 fluidum

206 1166 406 1208 ambiens.
469 1168 627 1209 Prioris
648 1167 811 1224 generis
827 1166 1029 1224 gravitate
1048 1173 1188 1221 partes
1207 1166 1434 1207 fluidorum
1447 1174 1489 1207 et
1501 1180 1724 1221 corporum
1743 1154 1929 1207 omnium

135 1264 138 1285 ;
205 1239 415 1296 gravitant
435 1240 478 1280 in
498 1240 602 1282 locis
625 1240 734 1281 suis:
766 1240 946 1296 ideoque
967 1239 1195 1294 conjunctis
1215 1233 1470 1294 ponderibus
1490 1246 1746 1293 componunt
1764 1238 1930 1294 pondus

205 1310 344 1351 totius.
407 1310 519 1352 Nam
539 1319 674 1353 totum
695 1326 819 1353 omne
838 1326 966 1368 grave
988 1318 1062 1361 est,
1095 1318 1142 1352 ut
1162 1311 1205 1351 in
1224 1311 1332 1352 vasis
1352 1303 1562 1367 liquorum
1590 1311 1726 1366 plenis
1748 1310 1929 1366 experiri

204 1383 323 1433 licet;
358 1391 400 1425 et
418 1384 583 1439 pondus
605 1385 731 1426 totius
760 1385 920 1441 aequale
941 1392 1004 1426 est
1022 1383 1278 1439 ponderibus
1309 1383 1497 1424 omnium
1524 1384 1718 1438 partium,
1751 1382 1930 1438 ideoque

205 1470 258 1496 ex
273 1455 422 1496 iisdem
437 1456 716 1511 componitur.
778 1456 963 1501 Alterius
993 1455 1158 1512 generis
1188 1455 1392 1512 gravitate
1422 1469 1599 1509 corpora
1618 1469 1703 1495 non
1723 1453 1931 1510 gravitant

204 1527 248 1567 in
280 1527 382 1568 locis
417 1528 514 1579 suis,
555 1528 600 1569 id
635 1537 709 1579 est,
747 1529 856 1571 inter
886 1544 930 1570 se
960 1528 1111 1569 collata
1139 1543 1223 1568 non
1254 1536 1533 1585 praegravant,
1576 1527 1650 1569 sed
1689 1535 1855 1568 mutuos
1876 1526 1931 1568 ad

205 1598 544 1641 descendendum
565 1609 736 1642 conatus
757 1600 1026 1655 impedientia
1044 1607 1290 1655 permanent
1309 1599 1355 1639 in
1374 1598 1476 1639 locis
1498 1598 1594 1648 suis,
1625 1597 1800 1653 perinde
1821 1611 1868 1638 ac
1890 1596 1927 1638 si

203 1671 347 1725 gravia
365 1686 452 1712 non
482 1679 632 1714 essent.
695 1672 805 1721 Quae
825 1672 867 1712 in
889 1673 984 1713 a‘ere
1006 1679 1103 1712 sunt
1123 1679 1164 1712 et
1184 1685 1270 1711 non
1300 1677 1576 1727 praegravant,
1608 1669 1757 1726 vulgus
1787 1668 1931 1726 gravia

203 1756 288 1782 non
303 1742 476 1798 judicat.
540 1743 650 1793 Quae
670 1751 936 1800 praegravant
955 1743 1103 1800 vulgus
1124 1742 1266 1800 gravia
1279 1741 1452 1797 judicat,
1476 1740 1679 1798 quatenus
1700 1742 1805 1783 aeris
1824 1756 1929 1796 pon-

203 1814 302 1855 dere
323 1830 409 1856 non
431 1817 700 1858 sustinentur.
762 1817 958 1858 Pondera
978 1816 1092 1873 vulgi
1111 1815 1217 1856 nihil
1233 1815 1346 1856 aliud
1366 1824 1461 1856 sunt
1481 1814 1605 1871 quam
1635 1829 1828 1856 excessus
1858 1829 1929 1856 ve-

202 1902 345 1928 rorum
365 1889 601 1943 ponderum
623 1905 748 1944 supra
766 1890 933 1944 pondus
954 1889 1073 1931 a'e'ris.
1136 1888 1264 1930 Unde
1284 1895 1326 1929 et
1344 1887 1470 1945 vulgo
1491 1888 1685 1929 dicuntur
1699 1887 1819 1938 levia,
1834 1902 1929 1943 quae

203 1965 300 1999 sunt
318 1959 455 2001 minus
475 1960 631 2016 gravia,
651 1947 822 2017 ‘aerique
842 1960 1122 2018 praegravanti
1142 1960 1330 2002 cedendo
1351 1960 1566 2014 superiora
1584 1967 1745 2014 petunt.
1800 1959 1928 2001 Com-

200 2029 386 2083 parative
406 2030 513 2072 levia
536 2039 645 2082 sunt,
667 2046 754 2073 non
776 2031 886 2082 vere,
911 2032 1007 2087 quia
1027 2031 1287 2073 descendunt
1305 2031 1350 2071 in
1369 2046 1513 2072 vacuo·
1577 2031 1647 2072 Sic
1677 2039 1718 2072 et
1746 2031 1791 2072 in
1820 2030 1927 2087 aqua

202 2117 391 2157 corpora,
415 2118 509 2159 quae
526 2104 581 2145 ob
601 2105 801 2160 majorem
821 2105 887 2146 vel
908 2104 1112 2145 minorem
1138 2105 1382 2161 gravitatem
1402 2103 1659 2145 descendunt
1690 2103 1756 2145 vel
1785 2118 1929 2146 ascen-

201 2173 318 2224 dunt,
352 2183 448 2217 sunt
479 2176 758 2231 comparative
779 2185 822 2219 et
841 2185 1090 2232 apparenter
1119 2177 1262 2234 gravia
1283 2177 1350 2218 vel
1369 2176 1488 2227 levia,
1521 2184 1563 2218 et
1582 2191 1727 2218 eorum
1747 2177 1927 2234 gravitas

200 2246 266 2287 vel
295 2246 439 2289 levitas
470 2250 752 2305 comparativa
781 2258 822 2292 et
853 2265 1059 2305 apparens
1089 2258 1152 2291 est
1180 2265 1372 2292 excessus
1402 2249 1469 2291 vel
1498 2249 1680 2292 defectus
1716 2265 1800 2306 quo
1828 2265 1927 2292 vera

201 2335 346 2361 eorum
375 2322 555 2378 gravitas
577 2323 642 2364 vel
663 2331 830 2378 superat
857 2323 1103 2380 gravitatem
1132 2337 1264 2380 aquae,
1296 2322 1362 2364 vel
1382 2322 1434 2363 ab
1455 2321 1502 2363 ea
1524 2331 1753 2377 superatur.
1815 2323 1925 2372 Quae

200 2393 299 2434 vero
320 2408 398 2435 nec
417 2396 722 2451 praegravando
743 2396 1016 2446 descendunt,
1049 2411 1126 2438 nec
1154 2395 1434 2452 praegravanti
1463 2394 1650 2436 cedendo
1679 2394 1922 2447 ascendunt,

201 2464 362 2505 etiamsi
382 2465 489 2506 veris
510 2466 592 2507 suis
613 2467 869 2521 ponderibus
887 2467 1122 2524 adaugeant
1140 2467 1305 2523 pondus
1327 2466 1464 2517 totius,
1488 2465 1766 2522 comparative
1781 2474 1923 2510 tamen

201 2545 242 2577 et
261 2537 305 2577 in
326 2552 449 2579 sensu
478 2538 593 2595 vulgi
622 2553 706 2579 non
734 2539 944 2596 gravitant
963 2539 1007 2579 in
1028 2538 1148 2595 aqua.
1210 2538 1322 2580 Nam
1337 2538 1479 2579 similis
1499 2546 1562 2579 est
1580 2537 1732 2579 horum
1751 2552 1923 2580 casuum

201 2608 512 2651 demonstratio.
542 2665 543 2669 Ἰ

259 2683 390 2724 Οονοί.
414 2687 452 2727 7.
517 2682 628 2732 Quae
649 2683 701 2724 de
721 2683 924 2741 gravitate
953 2684 1304 2734 demonstrantur,
1340 2682 1530 2724 obtinent
1557 2681 1602 2723 in
1630 2681 1720 2724 aliis
1751 2681 1922 2738 quibus-

203 2751 365 2810 cunque
385 2755 541 2797 viribus
563 2757 827 2814 centripetis2

261 2829 393 2869 Corol.
418 2835 456 2870 8.
519 2829 702 2871 Proinde
723 2831 758 2888 si
778 2830 975 2881 medium,
993 2831 1037 2872 in
1059 2847 1142 2887 quo
1163 2846 1314 2887 corpus
1335 2830 1503 2887 aliquod
1532 2838 1734 2882 movetur,
1768 2844 1919 2888 urgea-

198 2907 267 2941 tur
287 2901 351 2941 vel
372 2916 396 2942 a
416 2901 618 2958 gravitate
638 2903 821 2959 propria,
845 2904 911 2946 vel
932 2904 985 2946 ab
1006 2904 1084 2946 alia
1108 2905 1353 2962 quacunque
1372 2905 1413 2946 vi
1434 2904 1674 2960 centripetfi‚
1707 2913 1748 2947 et
1767 2917 1918 2959 corpus

199 2972 252 3014 ab
273 2972 417 3015 eadem
438 2975 479 3015 vi
499 2984 697 3033 urgeatur
716 2977 886 3028 fortius;
923 2977 1155 3020 differentia
1174 2979 1323 3023 virium
1342 2985 1405 3020 est
1423 2977 1484 3019 vis
1505 2978 1575 3020 illa
1594 2978 1761 3028 motrix,
1793 2989 1918 3033 quam

198 3045 244 3087 in
274 3047 606 3101 praecedentibus
641 3051 1004 3107 Propositionibus
1037 3061 1083 3094 ut
1122 3040 1205 3094 vim
1245 3052 1514 3109 centripetam
1554 3049 1916 3094 consideravimus.
