2066 3548
251 254 301 290 16
668 240 1116 290 PHILOSOPHIAE
1147 241 1504 285 NATURALIS
1580 242 1936 308 [Mor.Coru>on.

246 368 313 402 tur
331 360 557 418 hyperbole
583 374 724 402 secans
743 374 837 415 per-

245 432 464 487 pendicula
484 433 528 475 D
550 432 602 483 E,
624 431 653 472 d
671 446 695 472 e
715 431 759 471 in
780 430 835 479 G,

246 518 298 561 gg
331 512 372 546 et
405 518 553 558 corpus
580 501 839 544 ascendendo

244 583 431 630 tempore
456 575 500 617 D
522 574 565 616 G
583 589 613 630 g
631 572 660 614 d
686 572 838 614 descri-

243 645 315 688 bet
336 646 512 700 spatium
535 644 573 686 E
591 643 633 686 G
643 658 673 699 g
685 658 719 694 e,
737 651 838 684 tem-

243 731 346 771 pore
378 717 422 759 D
454 716 497 758 G
528 715 566 757 B
588 715 628 756 A
662 713 839 768 spatium

245 801 437 829 ascensus
471 786 595 828 totius
636 786 675 827 E
705 783 748 826 G
778 784 838 833 B;

245 866 433 913 tempore
455 858 493 900 A
511 857 548 898 B
564 856 603 896 K
622 857 643 898 I
665 856 840 911 spatium

245 927 464 970 descensus
499 927 537 969 B
563 927 599 969 F
630 926 685 976 K,
717 933 840 981 atque

245 1005 431 1054 tempore
464 998 486 1039 Ι
509 998 548 1039 K
570 998 634 1038 ki
663 997 839 1052 spatium

246 1069 462 1111 descensus
484 1069 527 1110 K
549 1069 584 1110 F
604 1069 627 1110 f
638 1069 666 1110 k
677 1085 690 1120 3
710 1076 751 1111 et
770 1083 840 1110 ve-

243 1141 428 1182 locitates
449 1140 633 1195 corporis
669 1141 926 1196 (resistentiae
944 1141 1069 1184 medii
1098 1141 1444 1197 proportionales)
1474 1141 1516 1182 in
1537 1141 1687 1181 horum
1707 1146 1943 1194 temporum

243 1212 423 1268 periodis
442 1219 563 1253 erunt
583 1212 623 1252 A
645 1212 682 1254 B
704 1212 743 1264 E
764 1213 820 1263 D,
843 1214 885 1255 A
907 1214 944 1256 B
965 1229 988 1255 e
1007 1213 1048 1266 d,
1079 1213 1205 1265 nulla,
1238 1214 1279 1256 A
1300 1213 1339 1256 B
1361 1213 1397 1256 F
1417 1214 1452 1264 I,
1486 1213 1525 1256 A
1548 1213 1586 1255 B
1605 1212 1628 1254 f
1639 1213 1654 1254 i
1689 1210 1942 1269 respective3

242 1291 365 1340 atque
385 1283 566 1325 maxima
585 1283 791 1335 velocitas,
822 1300 947 1341 quam
966 1300 1116 1340 corpus
1136 1285 1426 1328 descendendo
1445 1293 1581 1340 potest
1599 1285 1828 1341 acquirere,
1861 1282 1942 1325 erit

248 1359 286 1402 B
307 1359 348 1402 A
369 1359 407 1401 C
429 1360 490 1401 H.

301 1429 353 1486 (¹¹)
388 1430 632 1472 Resolvatur
666 1430 777 1471 enim
810 1430 1092 1487 rectangulum
1129 1431 1168 1472 B
1189 1431 1230 1472 A
1252 1430 1289 1472 C
1310 1430 1360 1472 H
1392 1430 1437 1471 in
1451 1453 1453 1456 ·
1465 1428 1706 1485 rectangula
1725 1428 1943 1472 innumera

243 1501 285 1542 A
304 1500 346 1551 k,
371 1500 413 1542 K
432 1500 461 1550 l,
484 1500 523 1542 L
542 1514 598 1550 m,
622 1499 674 1541 M
693 1514 735 1550 n,
766 1501 842 1542 διο.
872 1504 965 1555 quae
985 1501 1067 1542 sint
1087 1508 1133 1542 ut
1150 1500 1404 1542 incrementa
1422 1500 1684 1542 velocitatum
1713 1497 1941 1554 aequalibus

242 1570 415 1612 totidem
434 1570 692 1625 temporibus
712 1569 818 1612 facta
829 1586 840 1620 3
871 1578 913 1612 et
931 1579 1051 1613 erunt
1069 1570 1186 1621 nihil,
1210 1571 1250 1612 A
1269 1571 1311 1621 k,
1336 1571 1376 1613 A
1395 1570 1435 1624 l,
1448 1571 1486 1612 A
1507 1585 1564 1621 m,
1589 1570 1630 1612 A
1648 1585 1691 1621 n,
1713 1571 1788 1613 διο.
1810 1576 1857 1611 ut
1875 1582 1946 1614 ve-

247 1642 433 1684 locitates
452 1649 564 1693 totae,
600 1650 722 1697 atque
741 1642 836 1684 ideo
862 1646 954 1697 (per
972 1643 1237 1699 hypothesin)
1268 1651 1315 1684 ut
1333 1643 1574 1685 resistentiae
1593 1642 1720 1684 medii
1738 1640 1944 1697 principio

243 1714 499 1770 singulorum
519 1721 753 1768 temporum
774 1714 1006 1770 aequalium.
1058 1714 1101 1769 (¹)
1124 1715 1218 1756 Fiat
1237 1715 1278 1756 A
1301 1715 1337 1756 C
1358 1715 1411 1756 ad
1432 1716 1473 1758 A
1495 1715 1539 1758 K
1557 1715 1624 1758 vel
1645 1715 1686 1757 A
1707 1714 1746 1757 B
1767 1713 1817 1756 H
1835 1713 1872 1755 C
1891 1712 1947 1757 ad
1999 1715 2005 1718 ’

244 1785 285 1826 Α
307 1785 345 1827 Β
364 1785 394 1826 k
415 1784 458 1825 K
477 1792 524 1827 ut
543 1784 602 1825 vis
622 1784 832 1840 gravitatis
852 1785 906 1826 ad
926 1785 1199 1827 resistentiam
1227 1786 1273 1827 in
1300 1786 1505 1841 principio
1533 1785 1732 1841 temporis
1761 1784 1945 1835 secundi,

243 1855 377 1911 deque
411 1855 451 1896 vi
483 1854 693 1911 gravitatis
729 1855 1010 1912 subducantur
1043 1856 1297 1908 resistentiae,
1334 1865 1376 1899 et
1408 1858 1637 1900 manebunt
1676 1857 1718 1901 A
1749 1857 1787 1901 B
1820 1857 1869 1899 H
1892 1856 1944 1907 C,
1989 1895 1998 1903 .

248 1928 291 1969 K
309 1928 339 1968 k
361 1928 410 1969 H
432 1927 482 1978 C,
505 1927 544 1968 L
563 1927 578 1967 1
601 1927 650 1968 Η
671 1927 722 1979 C,
746 1927 798 1969 M
817 1942 860 1968 m
881 1928 931 1970 H
952 1928 1002 1979 C,
1034 1929 1110 1971 &c.
1140 1937 1188 1970 ut
1215 1929 1322 1971 vires
1342 1929 1542 1971 absolutae
1562 1929 1711 1986 quibus
1731 1942 1882 1983 corpus
1901 1927 1946 1971 in

242 1999 446 2054 principio
476 1998 732 2055 singulorum
751 2005 984 2053 temporum
1010 2007 1195 2056 urgetur,
1226 2006 1350 2055 atque
1380 1999 1476 2042 ideo
1503 2003 1595 2055 (per
1617 1998 1764 2043 Motfis
1785 1999 1945 2055 Legem

246 2071 325 2124 ΙΙ.)
353 2079 400 2112 ut
418 2071 672 2112 incrementa
690 2070 965 2121 velocitatum,
986 2070 1030 2112 id
1051 2079 1125 2121 est,
1146 2078 1194 2112 ut
1213 2070 1452 2127 rectangula
1474 2071 1510 2111 A
1525 2071 1568 2122 k,
1593 2070 1636 2111 K
1655 2070 1683 2120 l,
1707 2070 1746 2111 L
1758 2084 1814 2120 m,
1832 2069 1886 2110 M
1900 2083 1943 2120 n,

244 2143 321 2184 &m
351 2149 392 2184 et
420 2141 470 2198 (¹¹)
491 2150 710 2198 propterea
742 2145 834 2198 (per
846 2143 971 2191 Lem.
995 2142 1029 2184 Ι.
1053 2143 1147 2184 Lib.
1170 2143 1249 2196 II.)
1284 2144 1329 2184 in
1359 2142 1648 2199 progressione
1680 2138 1944 2199 geometricfi.

247 2213 390 2263 Quare
410 2214 445 2254 si
464 2221 588 2255 rectae
610 2213 653 2255 K
671 2213 715 2264 k,
738 2213 778 2255 L
795 2212 824 2264 1,
848 2212 901 2256 Μ
918 2228 975 2264 m,
999 2214 1043 2255 N
1061 2228 1102 2263 n,
1126 2215 1200 2255 &a
1221 2214 1437 2268 productae
1458 2221 1677 2255 occurrant
1705 2211 1946 2268 hyperbolae

242 2284 752 2340 inq,r,s,t,&c.erunt
779 2298 887 2324 areae
918 2283 1145 2339 ABqK,
1170 2281 1833 2339 quL,LrsM,MstN,
1863 2282 1942 2326 διο.

245 2354 288 2410 (¹)
311 2354 503 2410 aequales,
533 2354 709 2409 ideoque
729 2361 817 2395 tum
837 2354 1091 2411 temporibus
1111 2362 1199 2396 tum
1218 2355 1373 2396 viribus
1392 2347 1602 2411 gravitatis
1623 2368 1787 2409 semper
1805 2367 1944 2410 aequa-

243 2430 350 2472 libus
386 2430 584 2487 analogae.
645 2430 706 2485 (¹¹¹)
738 2429 816 2470 Est
835 2437 971 2471 autem
997 2444 1093 2471 area
1124 2430 1166 2472 A
1188 2430 1225 2471 B
1246 2444 1275 2485 q
1296 2429 1337 2471 K
1359 2431 1451 2485 (per
1472 2428 1613 2470 Corol.
1636 2435 1675 2470 3.
1697 2427 1816 2470 Lem.
1839 2426 1942 2468 VII.

288 2557 335 2597 (Ὦ)
364 2559 381 2576 '¹'
415 2558 591 2588 Resolvatur
615 2557 706 2591 enim,
736 2555 792 2586 &c-
841 2555 1073 2587 Demonstratio
1114 2555 1266 2595 deinceps.
1315 2555 1474 2591 Quoniam
1494 2553 1567 2586 vero
1587 2553 1719 2596 gravitas
1738 2558 1861 2585 motum
1873 2562 1943 2584 eur-

243 2609 314 2639 quae
329 2599 466 2638 sequitur
479 2605 525 2629 est
539 2608 596 2637 pro
609 2597 744 2638 corporis
757 2597 915 2628 descensu.
1114 2598 1196 2637 poris
1219 2597 1354 2628 cadentis
1378 2597 1525 2628 accelerat
1545 2606 1639 2638 quem
1658 2595 1828 2626 resistentia.
1846 2601 1944 2627 renn-

288 2640 337 2681 (ῖ),
353 2644 370 2660 ⁸⁵
396 2643 470 2672 Fiat
485 2642 515 2671 A
533 2643 559 2672 C
569 2643 609 2671 ad
624 2641 656 2670 A
671 2642 711 2677 K,
727 2640 783 2670 &c-
825 2638 908 2670 cum
928 2639 1012 2670 enim
1034 2640 1074 2670 sit
1114 2640 1177 2676 dat,
1199 2639 1238 2671 de
1253 2640 1282 2670 vi
1297 2639 1451 2680 gravitatis
1465 2638 1632 2669 auferenda
1646 2644 1692 2670 eet
1705 2637 1750 2668 via
1763 2637 1956 2668 resistentia.

247 2683 277 2712 A
297 2682 330 2712 K
344 2682 367 2711 k
392 2683 429 2719 B,
459 2682 693 2722 proportionalis
717 2681 894 2712 resistentiae
919 2681 1071 2722 principio
1112 2688 1149 2712 ut
1162 2683 1310 2712 habeatur
1324 2682 1369 2712 vis
1383 2681 1521 2712 absoluta
1533 2681 1594 2722 quii
1608 2690 1719 2720 corpus
1729 2679 1875 2711 deorsum
1887 2689 1942 2711 ur-

244 2724 389 2766 temporis
403 2725 539 2760 secundi,
555 2725 580 2755 si
592 2724 646 2755 fiat
663 2724 693 2756 A
715 2724 749 2754 K
764 2723 786 2754 k
802 2724 831 2754 B
846 2723 886 2754 ad
903 2725 932 2754 A
948 2724 977 2754 B
996 2723 1030 2754 H
1043 2725 1070 2755 C
1112 2730 1212 2765 getur.

245 2777 299 2796 seu
318 2767 347 2796 A
365 2766 398 2796 K
413 2766 451 2796 ad
470 2767 499 2796 A
518 2768 554 2804 C,
577 2772 614 2798 ut
634 2762 804 2797 resistentia
817 2765 871 2796 illa
885 2765 925 2796 ad
939 2766 1069 2806 gravita-
1155 2765 1202 2807 (k)
1226 2768 1244 2786 ¹*
1270 2765 1484 2806 Etproptered.
1533 2764 1728 2805 Rectangula
1751 2764 1782 2794 A
1800 2764 1830 2795 B
1847 2764 1884 2795 H
1900 2764 1939 2801 C,

245 2814 316 2844 tem,
344 2809 558 2848 rectangulum
583 2809 613 2839 A
631 2809 666 2840 H
692 2814 826 2847 exponet
839 2808 900 2837 vim
917 2808 1071 2849 gravitatis
1116 2808 1148 2839 K
1164 2808 1187 2838 k
1203 2808 1239 2838 H
1255 2808 1293 2843 C,
1311 2808 1341 2839 L
1355 2807 1368 2838 l
1384 2808 1419 2839 H
1438 2808 1475 2844 C,
1499 2807 1554 2838 &e-
1580 2806 1759 2838 differentiis
1779 2806 1843 2837 suis
1859 2807 1890 2837 A
1904 2806 1927 2837 k

246 2850 368 2888 datam;
385 2856 415 2881 et
429 2851 521 2880 simili
536 2851 638 2888 modo,
655 2861 726 2881 cum
741 2851 781 2881 sit
794 2850 825 2881 A
841 2850 862 2887 1,
877 2850 918 2880 ad
935 2851 965 2880 A
980 2850 1012 2887 k,
1037 2856 1072 2880 ut
1117 2851 1151 2881 K
1166 2851 1187 2887 l,
1203 2851 1272 2886 &c.‚
1295 2850 1542 2889 proportionalia,
1568 2855 1659 2880 erunt
1683 2849 1716 2878 in
1731 2849 1940 2891 progressione

180 2928 182 2930 Ι
244 2892 414 2923 resistentia
435 2893 522 2923 initio
541 2893 687 2932 temporis
701 2893 782 2924 tertii
803 2892 843 2923 ad
866 2892 1069 2924 resistentiam
1111 2892 1296 2934 geometricis
1313 2894 1382 2934 (per
1397 2892 1485 2923 Lem.
1506 2892 1534 2922 Ι.
1551 2890 1703 2931 Libsn.)

245 2934 333 2965 initio
348 2935 491 2974 temporis
506 2936 640 2971 secundi,
657 2936 723 2972 erit,
739 2945 777 2965 ex
793 2944 881 2975 aequo
895 2934 1069 2974 perturbate
1154 2933 1193 2976 (¹)
1218 2938 1234 2955 '¹
1259 2936 1415 2975 AEquales.
1443 2933 1534 2975 (380)
1555 2934 1625 2965 Lib.
1646 2933 1673 2963 1.

248 2977 279 3006 A
296 2977 305 3006 Ι
321 2977 360 3007 ad
377 2980 407 3007 A
427 2977 471 3014 Η,
488 2987 542 3007 seu
561 2979 589 3008 A
608 2978 636 3007 L
651 2978 691 3008 ad
705 2978 735 3008 A
754 2978 791 3015 C,
806 2983 843 3008 ut
856 2977 1026 3008 resistentia
1037 2977 1070 3006 in
1155 2976 1210 3018 χω)
1234 2979 1292 3009 Est
1305 2983 1407 3009 autem
1428 2987 1500 3007 area
1522 2977 1553 3006 A
1568 2978 1599 3007 B
1613 2988 1632 3016 q
1654 2977 1690 3006 K
1711 2975 1782 3016 (per
1796 2975 1888 3007 Corol-
1903 2977 1926 3004 8

245 3019 394 3059 principio
417 3019 562 3058 temporis
586 3020 666 3051 tertii
696 3019 735 3051 ad
756 3019 946 3062 gravitatem,
977 3025 1008 3050 et
1028 3018 1071 3051 ita
1113 3021 1200 3052 Lem·
1237 3021 1310 3052 VII.
1335 3020 1363 3052 ἐι
1386 3020 1476 3052 Len·-
1507 3019 1599 3051 VIII·
1619 3019 1687 3051 Lib.
1705 3019 1752 3060 Ι.)
1772 3019 1815 3049 ad
1832 3026 1935 3048 omn·
