2066 3548
0 233 7 295 '1

151 236 301 282 ann
324 239 540 293 succum]
601 242 920 288 PRINCIPIA
962 244 1459 292 MATHEMATICA.
1777 258 1861 300 137

145 349 219 407 ligi
251 358 389 406 poteSt
422 353 509 407 ejus
540 352 723 395 densitas
753 354 796 394 in
826 354 908 395 alio
938 357 1084 412 quovis
1114 358 1208 400 loco
1240 361 1296 410 Q.
1360 363 1518 405 Centro
1540 366 1583 416 S,
1614 372 1857 424 asymptotis

144 422 392 478 rectangulis
416 423 446 464 S
468 423 524 474 Q,
549 425 579 467 S
597 425 643 467 X
671 425 931 468 describatur
958 426 1192 483 hyperbole
1221 447 1367 476 secans
1394 437 1693 491 perpendicula
1726 441 1768 482 A
1790 442 1852 492 H,

145 493 184 535 E
205 494 269 544 M,
294 494 337 544 Q
358 495 400 537 T
418 496 463 536 in
482 511 519 547 a,
541 512 578 547 e,
600 513 640 554 q,
661 506 708 539 ut
726 505 768 539 et
785 500 1009 554 perpendi·
1794 525 1798 531 ·

145 565 239 607 cula
260 565 308 608 H
326 567 385 618 X,
410 568 463 611 M
479 569 532 620 Y,
557 569 599 611 T
619 570 666 620 Z,
689 569 743 611 ad
755 579 1018 626 asymptoton

143 637 174 679 S
194 637 240 679 X
261 638 452 690 demissa,
474 641 519 681 in
538 641 580 691 h,
602 655 647 682 m
666 649 708 683 et
727 649 757 683 t.
818 643 912 685 Fiat
923 659 1018 686 area

140 696 1018 758 YmtzadareamdatamYthut

137 795 234 824 area
255 782 359 824 ‘data
392 783 430 825 E
450 799 474 825 e
493 799 522 840 q
542 785 587 835 Q
615 785 670 827 ad
699 801 844 828 aream
874 787 1014 830 datam

138 854 348 905 EeaA;
380 862 422 897 et
454 855 565 898 linea
596 858 669 899 Zt
701 859 914 913 producta
942 861 1015 901 ab·

135 926 296 968 scindet
314 926 468 968 lineam
490 928 534 978 Q
556 929 598 970 T
617 929 810 972 densitati
838 945 1015 987 propor-

133 998 342 1058 tionalem.
418 999 613 1055 Namque
654 1001 689 1042 si
729 1001 850 1044 lineae
890 1004 923 1045 S
956 1005 1011 1056 A,

136 1070 167 1111 S
188 1070 239 1120 E,
264 1071 294 1112 S
315 1070 359 1120 Q
388 1079 485 1112 sunt
504 1073 699 1115 continue
718 1075 1010 1129 proportiona-

133 1139 208 1191 les,
245 1140 288 1197 (¹)
309 1149 434 1183 erunt
453 1157 562 1184 areae
583 1143 622 1184 E
641 1159 666 1185 e
685 1159 712 1199 q
734 1145 791 1195 Q,
825 1145 863 1187 E
883 1161 907 1187 e
926 1161 952 1187 a
971 1147 1014 1188 A

132 1211 324 1268 aequales,
361 1221 403 1255 et
431 1214 529 1255 inde
558 1230 667 1257 areae
686 1215 751 1257 his
771 1218 1011 1273 proportio-

129 1283 243 1325 nales
263 1284 306 1326 Y
323 1299 367 1326 m
386 1293 404 1326 t
425 1286 473 1337 Z,
497 1286 544 1328 X
558 1287 588 1328 h
603 1302 646 1329 m
659 1287 702 1329 Y
721 1289 845 1330 etiam
865 1305 1006 1347 aequa-

125 1355 199 1406 les,
234 1363 276 1398 et
294 1356 415 1398 lineae
448 1358 478 1400 S
500 1358 559 1408 X,
594 1359 625 1401 S
644 1359 699 1410 Y,
725 1361 755 1403 S
777 1362 823 1411 Z,
855 1362 900 1403 id
929 1370 1004 1413 est,

130 1428 171 1470 A
194 1424 255 1479 H,
290 1429 328 1470 E
351 1429 416 1479 M,
451 1429 495 1479 Q
516 1429 558 1471 T
588 1431 650 1485 (¹¹³)
679 1432 874 1474 continue
902 1448 1003 1488 pro·
1125 1436 1148 1466 S
1299 1439 1329 1468 Ζ
1434 1434 1477 1464 Y
1713 1439 1756 1468 X

125 1501 392 1555 portionaleS,
425 1510 472 1543 ut
491 1511 668 1556 oportet.
729 1504 786 1546 Et
815 1506 850 1546 si
875 1506 998 1548 lineae

128 1573 158 1615 S
179 1574 233 1623 A,
257 1573 288 1614 S
309 1573 361 1624 E,
386 1574 416 1615 S
435 1573 482 1623 Q
501 1574 690 1617 obtinent
719 1576 846 1618 alium
875 1577 1059 1634 quemvis
1090 1575 1281 1617 ordinem
1310 1575 1354 1616 in
1384 1575 1490 1617 serie
1521 1574 1716 1617 continue
1744 1589 1844 1630 pro-

121 1645 430 1699 portionalium,
461 1647 583 1689 lineae
614 1649 655 1690 A
677 1649 739 1699 H,
764 1649 803 1691 E
824 1649 890 1699 M,
911 1650 954 1700 Q
975 1649 1030 1700 T,
1061 1648 1115 1691 ab
1134 1647 1466 1703 proportionales
1495 1662 1613 1689 areas
1632 1647 1843 1704 hyperbo-

123 1717 236 1769 licam,
274 1720 328 1775 (¹²)
349 1720 599 1765 obtinebunt
626 1723 803 1765 eundem
835 1723 1027 1765 ordinem
1045 1723 1091 1764 in
1113 1721 1193 1763 alia
1214 1721 1319 1763 serie
1340 1721 1616 1778 quantitatum
1645 1720 1842 1762 continue

119 1791 504 1846 proportionalium.

165 1947 242 1989 (1)·
266 1949 579 2003 ΜΜΜΕεᾳ
598 1950 796 1986 QEeaA
816 1934 963 1990 equales,
1003 1948 1246 1989 proportionales
1270 1948 1349 1979 πνεῖς
1372 1948 1403 1979 E
1425 1958 1480 1979 ea
1502 1948 1545 1983 A,
1576 1948 1610 1997 Q
1629 1957 1649 1988 q
1671 1947 1749 1984 aA,
1775 1945 1869 1995 illae'

123 2000 179 2030 per
192 1995 257 2020 not.
276 1993 348 2021 879.
370 1990 440 2022 Lib.
462 1990 489 2021 Ι.
1003 2002 1083 2022 areae
1106 1992 1137 2023 Y
1151 2002 1184 2022 m
1198 1998 1212 2022 t
1227 1992 1262 2028 Z,
1281 1991 1315 2022 X
1330 1993 1351 2021 h
1367 1997 1379 2022 t
1396 1991 1421 2021 Z
1435 2001 1491 2030 per
1504 1990 1674 2021 doctrinam
1690 1989 1837 2038 loga-rith-

166 2031 221 2073 (¹¹¹)
239 2035 257 2051 ·
276 2034 426 2064 Coneimae
435 2035 680 2073 proportionales,
707 2036 796 2076 (379.
815 2033 887 2065 Lib.
910 2034 959 2074 Ι.)
1003 2045 1127 2065 morum
1151 2036 1196 2075 (n.
1210 2034 1279 2074 88.)
1295 2040 1442 2074 poterunt
1462 2043 1527 2064 esse
1547 2033 1725 2072 logarithmi
1739 2033 1836 2082 lomen-

167 2074 216 2116 (¹²)
235 2077 271 2101 r⁸
312 2076 494 2106 Obtinebunt
528 2078 670 2107 eumdem
705 2079 856 2113 ordinem,
895 2078 952 2107 &c-
998 2087 1070 2107 rum
1086 2078 1107 2107 S
1125 2077 1165 2112 E,
1192 2077 1213 2107 S
1232 2078 1282 2114 Q;
1309 2076 1382 2107 cum
1407 2086 1482 2117 ergo
1508 2075 1626 2124 eaedem
1649 2080 1836 2115 quantitates

125 2119 142 2136 ‘
161 2116 290 2147 Etenim
304 2127 383 2147 areae
405 2118 610 2156 hyperbolicae
633 2119 664 2149 E
680 2129 698 2149 e
711 2130 731 2150 a
750 2120 790 2156 A,
810 2120 843 2155 Q
855 2129 874 2159 q
889 2130 908 2149 a
925 2120 956 2150 A
998 2119 1116 2160 possint
1141 2130 1207 2149 esse
1228 2119 1406 2159 logarithmi
1432 2125 1496 2148 tam
1518 2123 1725 2158 quantitatum
1754 2118 1776 2148 S
1792 2117 1832 2152 E,

121 2165 196 2190 sunt
216 2159 393 2199 logarithmi
413 2159 567 2190 linearum
590 2161 612 2191 S
629 2161 670 2198 E,
695 2161 718 2192 S
735 2162 777 2199 Q,
800 2168 832 2192 et
844 2162 958 2200 pariter
1002 2163 1024 2192 S
1042 2162 1084 2197 Q.
1108 2162 1202 2202 quium
1216 2161 1424 2201 quantitatum
1452 2162 1475 2210 S
1491 2161 1530 2195 Y,
1551 2160 1572 2190 S
1588 2161 1631 2197 X,
1658 2167 1778 2199 oportet
1798 2166 1835 2190 ut

120 2212 200 2232 areae
226 2201 256 2232 Y
273 2212 306 2232 m
319 2207 334 2232 t
349 2202 386 2239 Z,
414 2203 448 2233 X
463 2203 484 2232 h
498 2209 512 2233 t
528 2203 554 2233 Z
575 2209 648 2234 sunt
667 2203 844 2244 logan'thmi
858 2204 955 2234 linea-
999 2204 1065 2234 istae
1090 2204 1274 2244 quantitates
1301 2203 1323 2233 S
1339 2203 1380 2237 E,
1407 2203 1429 2233 S
1445 2203 1469 2233 ἱ
1490 2211 1522 2232 et
1539 2202 1560 2232 S
1577 2203 1633 2251 Q&
1647 2203 1668 2232 S
1685 2203 1719 2232 X
1734 2212 1832 2232 corre-

119 2253 192 2274 rum
217 2244 239 2274 S
255 2245 295 2281 Y,
324 2244 346 2275 S
370 2245 414 2282 X,
438 2247 526 2287 (579.
546 2249 618 2278 389.
639 2246 711 2277 Lib.
731 2245 776 2286 1.)
804 2246 858 2277 sed
882 2245 955 2277 cum
997 2246 1179 2285 spondentia
1192 2246 1261 2276 loca
1274 2251 1426 2284 occupent
1441 2244 1472 2274 in
1483 2245 1747 2286 progressmnibus
1759 2253 1835 2285 geo-

119 2296 199 2318 mae
215 2286 246 2318 Y
259 2297 293 2318 m
307 2293 321 2319 t
335 2287 372 2326 Z,
390 2288 425 2318 X
440 2289 461 2318 h
476 2295 489 2319 t
504 2289 530 2319 Z
552 2289 614 2320 sint
626 2299 682 2330 per
695 2289 955 2320 constructionem
997 2289 1133 2320 metricis
1146 2288 1186 2320 ad
1201 2299 1277 2330 quas
1290 2288 1454 2329 pertinent.
