2066 3548
632 227 953 272 PRINCIPIA
985 224 1479 268 MATHEMATICA.
1806 225 1858 262 83

155 234 304 275 met
326 232 543 282 Saeuum]

150 342 390 400 hyperbolae
408 341 453 383 in
472 352 644 383 ascensu
659 339 842 394 corporis
872 338 925 379 ab
954 337 1008 387 A,
1044 344 1086 377 et
1103 336 1239 376 minus
1269 342 1471 376 accuratae
1489 333 1534 373 in
1553 333 1640 387 ejus
1660 332 1861 373 descensu

151 416 206 458 ad
227 416 292 466 K;
327 422 369 457 et
387 423 543 456 contra.
605 411 851 469 Hyperbola
881 410 1025 452 conica
1054 408 1306 449 mediocrem
1325 405 1528 448 rationem
1556 411 1682 454 tenet,
1719 411 1861 459 estque

151 485 308 528 caeteris
329 485 566 540 simplicior.
626 483 760 539 Igitur
779 481 814 522 si
834 479 1063 536 hyperbole
1083 480 1137 520 sit
1154 478 1276 533 hujus
1295 477 1472 534 generiS,
1507 483 1548 517 et
1575 482 1777 530 punctum
1801 474 1855 523 K,

150 557 223 598 ubi
256 570 405 610 corpus
438 555 668 610 projectum
700 551 854 592 incidet
884 551 928 591 in
959 557 1114 591 rectam
1149 548 1334 604 quamvis
1370 547 1412 589 A
1432 546 1475 588 N
1502 561 1579 601 per
1597 554 1799 601 punctum
1821 545 1862 586 A

155 635 450 676 transeuntem,
501 630 730 680 quaeratur:
790 629 980 662 occurrat

138 748 139 753 Ἰ
153 701 356 757 producta
370 699 410 740 A
420 698 463 739 N
475 695 714 753 asymptotis
727 693 779 735 M
794 694 853 744 X,
871 693 914 735 N
928 693 974 734 X

151 774 196 814 in
231 770 284 813 M
312 777 356 812 et
385 769 440 819 N,
478 776 519 809 et
548 774 736 810 sumatur
763 765 806 806 N
829 764 870 805 K
899 764 978 819 ipsi

155 844 196 885 A
217 842 269 884 M
288 841 470 897 aequalis.
982 851 986 855 >

210 915 313 968 Reg.
337 917 376 957 7.
409 911 466 953 Et
483 911 581 951 hinc
599 910 733 966 liquet
759 906 979 950 methodus

154 983 348 1039 expedita
377 981 683 1024 determinandi
702 981 810 1022 hanc
827 979 979 1035 hyper-

153 1056 292 1097 bolam
312 1069 367 1096 ex
391 1053 688 1109 phaenomenis.
753 1051 978 1107 Projician-

154 1136 223 1168 tur
243 1141 423 1182 corpora
452 1125 536 1166 duo
563 1124 710 1165 similia
729 1131 771 1164 et
790 1123 976 1179 aequalia,

155 1198 303 1240 efidem
323 1197 550 1246 velocitate,
581 1196 624 1236 in
653 1195 814 1251 angulis
845 1194 982 1235 diver-

154 1269 207 1310 sis
237 1269 287 1310 H
307 1269 349 1310 A
372 1268 427 1317 Κ,
457 1267 487 1307 h
507 1267 549 1308 A
567 1267 610 1316 k,
642 1266 905 1322 incidantque
935 1266 980 1306 in

152 1340 323 1396 planum
340 1338 563 1379 horizontis
583 1338 627 1378 in
650 1337 692 1378 K
713 1345 754 1378 et
772 1337 824 1386 k;
845 1345 887 1378 et
899 1352 975 1378 no-

96 1407 106 1415 ’
154 1419 264 1453 tetur
291 1409 507 1465 proportio
528 1409 570 1450 A
593 1408 635 1450 K
664 1408 719 1449 ad
749 1408 790 1449 A
809 1409 852 1450 k.
916 1408 993 1451 Sit‘

131 1472 135 1477 ¹
156 1497 206 1524 ea
224 1481 253 1522 d
272 1478 326 1522 ad
345 1496 380 1522 e.

1488 1054 1514 1078 ν’
1582 1054 1588 1076 Ξ
1753 1050 1772 1072 ’-
1786 1047 1801 1076 “-

1471 1078 1497 1095 ,ει
1581 1079 1588 1093 =
1782 1080 1804 1093 =.·

1433 1103 1464 1130 ,τ’
1490 1104 1496 1122 ἶ
1582 1104 1588 1129 Ξ

1389 1158 1410 1177 ,κ
1565 1160 1598 1176 μ’,
1808 1160 1817 1168 ι

1375 1179 1389 1191 .·
1513 1179 1547 1192 .=··
1559 1173 1563 1178 '
1582 1175 1588 1186 ἵ
1601 1173 1638 1191 ”““-.
1808 1176 1817 1183 ‘

1357 1192 1376 1210 :¹
1436 1189 1511 1214 ........

1294 1222 1398 1260 ,ἧιζζςςιεῖῖ
1399 1220 1532 1253 ............
1535 1253 1541 1259 .
1556 1184 1589 1277 N
1656 1231 1664 1238 ἡ

1040 1296 1097 1328 M
1542 1265 1628 1328 iil<
1668 1295 1711 1329 N

439 1480 552 1521 Tum
572 1487 708 1520 erecto
737 1479 914 1534 cujusvis
944 1477 1214 1535 longitudinis
1242 1477 1542 1533 perpendiculo
1571 1478 1613 1519 A
1635 1478 1670 1528 I,
1701 1492 1863 1520 assume

160 1562 370 1608 utcunque
387 1550 687 1611 longitudinem
706 1551 748 1591 A
770 1550 820 1591 H
839 1550 904 1592 vel
925 1551 966 1592 A
985 1551 1027 1601 h,
1061 1550 1104 1606 (¹)
1126 1559 1168 1592 et
1197 1551 1295 1592 inde
1324 1551 1473 1608 collige
1502 1550 1701 1608 graphice
1727 1551 1864 1609 longi-

156 1623 318 1669 tudines
340 1623 381 1663 A
404 1622 463 1671 K,
491 1621 532 1662 A
550 1621 599 1671 k,
623 1635 699 1675 per
722 1621 827 1678 Reg.
850 1627 890 1663 6.

160 1835 258 1866 Porro
278 1834 352 1866 cum
370 1843 518 1865 numerus
531 1844 554 1864 n
568 1833 662 1874 possit
676 1844 740 1865 esse
755 1835 885 1876 quilibet
908 1834 988 1866 inte-

158 1887 214 1918 ger
229 1878 286 1912 ,vel
309 1878 434 1914 fractus,
464 1884 496 1907 et
517 1877 550 1907 in
574 1878 742 1916 hyperbola
769 1879 875 1908 conica
902 1878 942 1909 sit
967 1888 988 1908 u

159 1920 284 1960 aequalis
297 1919 419 1957 unitati,
441 1929 511 1959 quae
524 1919 618 1951 veluti
634 1919 771 1950 medium
786 1920 890 1950 locum
904 1926 988 1952 tenet

159 1961 239 1992 iuter
261 1972 405 1992 numeros
429 1972 536 1992 omnes
557 1962 692 2002 integros
716 1968 748 1992 et
772 1962 892 2000 fractos,
916 1963 989 1993 satis

160 2004 356 2034 manifestum
372 2009 417 2034 est
437 2004 637 2043 hyperbolam
652 2004 790 2035 conicam
805 2005 884 2035 inter
898 2015 989 2044 supe-

161 2046 254 2075 riores
267 2056 375 2076 omnes
388 2052 420 2076 et
438 2046 595 2076 inferiores
607 2046 788 2085 hyperbolas
801 2047 988 2077 mediocrem

161 2088 311 2118 rationem
325 2093 436 2123 tenere,
460 2093 490 2118 et
501 2088 574 2127 quia
587 2088 679 2118 etiam
695 2089 810 2119 caeteris
824 2089 988 2128 simplicior

162 2136 217 2167 ost,
233 2140 320 2169 posse
335 2129 403 2159 loco
417 2139 495 2159 verae
510 2130 688 2168 trajectoriae
702 2131 735 2160 in
749 2130 852 2162 medio
873 2131 990 2161 unifor-

161 2172 253 2202 miter
266 2172 361 2202 denso
372 2171 518 2201 adhiberi.
547 2172 579 2202 Si
588 2171 682 2212 igitur
689 2173 855 2212 hyperbola
868 2174 899 2203 A
914 2174 942 2204 G
958 2174 992 2204 K

162 2214 202 2244 sit
216 2215 309 2255 hujus
322 2213 452 2254 generiS,
465 2219 496 2243 et
509 2220 659 2253 punctum
674 2214 718 2251 K,
734 2215 788 2244 ubi
802 2225 912 2254 corpus
922 2225 992 2254 pro-

158 2257 277 2297 jectum
288 2255 403 2286 incidet
416 2256 449 2285 in
461 2262 574 2286 rectam
585 2257 724 2296 quamvis
742 2260 773 2287 A
789 2257 833 2294 N,
847 2258 993 2287 horizon-

163 2298 258 2329 talem
281 2298 331 2328 vel
353 2298 502 2328 horizonti
526 2298 691 2338 obliquam,
717 2309 772 2338 per
785 2306 936 2338 punctum
961 2301 992 2330 A

163 2346 382 2377 transeuntem,
398 2346 571 2380 quaeratur:
591 2347 730 2371 occurrat
743 2341 893 2380 producta
910 2342 940 2372 A
959 2342 993 2372 N

164 2383 342 2423 asymptotis
358 2383 397 2413 M
415 2383 460 2420 X,
477 2383 510 2413 N
528 2383 573 2419 X,
594 2384 628 2412 in
646 2383 684 2413 M
701 2390 731 2413 et
747 2384 789 2419 N,
812 2390 843 2414 et
857 2390 997 2415 sumatur

166 2425 200 2455 N
217 2425 250 2456 K
265 2426 323 2464 ipsi
341 2425 371 2455 A
394 2425 433 2455 M
457 2425 590 2464 aequalis
615 2431 647 2455 et
668 2426 830 2456 habebitur
842 2432 996 2466 punctum

166 2467 200 2498 K
217 2469 287 2506 (per
302 2468 414 2499 Theor.
435 2467 462 2497 1.
481 2467 521 2497 de
535 2467 686 2506 conicis.).

208 2510 247 2552 (¹)
265 2512 282 2529 ⁹
299 2503 345 2541 El
358 2512 428 2541 inde
443 2511 543 2550 collige
556 2510 704 2550 graphice,
720 2510 776 2541 dcc.
813 2511 898 2542 Data
910 2511 994 2541 enim

164 2557 310 2592 tangente
328 2553 358 2582 A
376 2552 422 2589 H,
439 2559 506 2581 tum
522 2552 737 2593 magnitudine
751 2560 818 2583 tum
830 2554 990 2592 positione,

166 2594 256 2625 datur
269 2594 418 2627 verticalis
433 2594 469 2624 H
486 2594 519 2624 N
533 2605 605 2625 cum
620 2600 735 2634 puncto
751 2596 784 2626 N
793 2607 803 2633 ;
820 2602 850 2626 et
863 2596 992 2636 quiaas-

166 2637 298 2667 sumitur
311 2636 402 2667 etiam
420 2637 450 2667 A
467 2636 498 2673 Ι,
521 2645 552 2667 et
570 2643 616 2667 est
639 2637 674 2667 H
693 2637 726 2667 X
742 2651 787 2667 =
804 2642 823 2667 2
842 2638 870 2668 A
888 2638 905 2668 Ι
923 2641 992 2679 (per

167 2678 247 2709 dem.
272 2679 352 2719 Reg.
372 2679 436 2718 12)
458 2680 498 2709 ob
513 2689 534 2709 n
548 2692 594 2708 =
614 2683 648 2716 1;
676 2679 798 2710 dabitur
819 2680 992 2720 hyperbolae

167 2727 308 2751 centrum
330 2721 372 2757 X,
393 2727 424 2751 et
438 2721 510 2751 inde
524 2723 564 2751 ob
579 2721 684 2762 datum
706 2728 858 2760 punctum
875 2723 890 2752 1
906 2722 992 2753 dabi-

168 2769 219 2793 tur
233 2768 422 2802 asymptotus
437 2763 532 2794 altera
549 2763 581 2793 X
599 2764 616 2794 I
634 2760 672 2794 M
687 2774 759 2794 cum
775 2771 890 2803 puncto
907 2764 945 2795 M
960 2764 994 2794 in

167 2805 348 2835 horizontali
367 2806 411 2836 vM
429 2806 481 2843 N;
507 2812 538 2836 et
560 2806 709 2844 capiendo
735 2807 766 2836 N
788 2807 819 2836 K
845 2807 995 2847 aequalem

167 2848 247 2877 datae
271 2847 309 2877 M
327 2847 368 2883 A,
391 2846 511 2878 dabitur
525 2854 676 2886 punctum
694 2846 738 2885 K,
762 2854 793 2878 et
805 2849 877 2879 hinc
893 2849 992 2889 longi-

167 2890 244 2920 tudo
272 2891 303 2919 A
321 2889 355 2919 K
381 2889 575 2920 obtinebitur.
624 2890 807 2931 Eodemque
830 2891 924 2921 modo
944 2893 993 2922 in-

167 2932 306 2962 venietur
321 2931 414 2961 altera
427 2931 590 2972 longitudo
608 2934 637 2962 A
652 2933 683 2963 k.

211 2974 264 3015 (¹⁷³)
294 2976 311 2993 ⁸
338 2975 511 3014 Longuudo
533 2977 564 3005 A
581 2977 622 3006 H
641 2975 717 3006 recte}
740 2982 896 3015 assumpta
909 2977 990 3018 suit.

171 3016 254 3048 Data
277 3016 373 3047 medii
398 3015 546 3048 densitate
566 3018 599 3048 in
617 3018 647 3048 A
663 3028 737 3048 cum
758 3018 915 3049 velocitate
928 3029 995 3050 cor-

952 1622 998 1663 Si
1018 1622 1123 1663 ratio
1144 1622 1184 1663 A
1201 1622 1244 1663 K
1264 1622 1318 1662 ad
1339 1622 1421 1663 Ak
1441 1622 1493 1662 sit
1512 1622 1658 1663 eadem
1678 1637 1773 1663 cum
1792 1637 1863 1663 ra-

157 1695 268 1737 tione
287 1693 315 1735 d
335 1692 387 1734 ad
407 1707 444 1742 e,
474 1691 535 1748 (¹¹¹)
555 1691 772 1749 longitudo
792 1691 834 1734 A
857 1692 906 1734 H
924 1696 1035 1735 recte
1054 1700 1263 1749 assumpta
1277 1692 1367 1735 fuit.

1428 1692 1503 1736 Sin
1532 1693 1668 1734 minus
1688 1707 1791 1748 cape
1818 1693 1863 1734 in

1030 1835 1112 1874 poris
1134 1836 1193 1866 sub
1214 1835 1340 1866 diversis
1360 1835 1484 1876 angulis
1499 1835 1536 1866 H
1555 1835 1586 1866 A
1601 1834 1646 1871 K,
1662 1834 1684 1864 h
1701 1834 1732 1864 A
1748 1833 1771 1863 k
1791 1843 1862 1872 pro-
1917 1812 1922 1816 -

1026 1879 1110 1920 jecti,
1134 1883 1239 1908 manet
1267 1877 1525 1917 perpendiculum
1556 1878 1586 1907 A
1615 1877 1643 1912 Ι,
1674 1881 1705 1906 et
1732 1881 1864 1916 tangens

1033 1921 1062 1951 A
1081 1921 1117 1950 H
1140 1920 1266 1960 aequalis
1287 1927 1332 1950 est
1358 1920 1497 1961 tangenti
1522 1919 1554 1950 A
1568 1920 1590 1949 h
1611 1920 1681 1960 (per
1707 1918 1863 1958 Regulam

1034 1959 1118 2003 1²¹⁰).
1168 1963 1258 1993 Datis
1272 1969 1419 2004 tangente
1436 1963 1467 1993 A
1485 1963 1532 1999 H,
1547 1961 1664 2002 angulo
1680 1962 1716 1992 H
1734 1962 1766 1992 A
1783 1960 1818 1991 K
1832 1966 1865 1990 et

1030 2005 1251 2045 perpendiculo
1278 2005 1309 2035 A
1326 2006 1353 2041 Ι,
1379 2004 1548 2045 hyperbola
1575 2006 1606 2035 A
1626 2004 1657 2034 G
1674 2004 1708 2034 K
1734 2002 1864 2034 describi

1029 2053 1129 2087 potest
1143 2049 1212 2089 (per
1229 2047 1308 2088 Reg.
1327 2047 1400 2078 6²⁰²·
1416 2053 1448 2078 et
1461 2054 1568 2077 notam
1581 2046 1730 2086 praeced.)
1747 2052 1778 2076 et
1792 2043 1863 2076 ideo

1030 2089 1102 2120 data
1115 2097 1161 2119 est
1174 2096 1242 2119 tum
1265 2090 1374 2129 specie,
1400 2095 1470 2120 tum
1491 2088 1718 2130 magnitudine.
1767 2087 1862 2119 Unde

1033 2132 1059 2162 si
1080 2132 1192 2162 dentur
1213 2137 1334 2162 tantum
1355 2132 1490 2172 angulus
1506 2132 1542 2161 H
1561 2131 1592 2161 A
1611 2131 1645 2161 K
1658 2136 1690 2161 et
1704 2130 1780 2160 ratio
1794 2136 1862 2160 tan-

1035 2173 1136 2214 gentis
1163 2174 1198 2203 H
1220 2176 1248 2203 A
1264 2173 1303 2203 ad
1320 2175 1351 2203 A
1368 2174 1398 2210 1,
1423 2173 1591 2213 hyperbola
1608 2174 1639 2203 A
1658 2173 1688 2203 G
1706 2173 1741 2203 K
1763 2171 1863 2212 specie

1034 2222 1156 2246 tantum
1178 2215 1309 2251 dabitur,
1331 2215 1364 2245 id
1378 2221 1433 2250 est,
1455 2225 1562 2245 omnes
1581 2214 1765 2254 hyperbolae,
1792 2223 1863 2254 quae

1035 2268 1072 2288 ex
1087 2258 1136 2287 his
1149 2257 1271 2287 duobus
1289 2257 1368 2287 datis
1388 2257 1606 2294 describentur,
1629 2256 1745 2287 similes
1758 2260 1859 2286 erunt.

1038 2301 1143 2335 Quare
1164 2299 1189 2329 si
1210 2299 1244 2329 in
1264 2299 1430 2339 hyperbola
1448 2301 1478 2329 A
1498 2299 1528 2330 G
1543 2299 1586 2334 K,
1611 2309 1681 2339 quae
1701 2298 1734 2328 in
1759 2297 1864 2328 charta⁸

1035 2341 1185 2381 descripta
1198 2343 1390 2381 supponitur,
1411 2347 1542 2382 tangens
1555 2346 1711 2379 assumpta
1728 2340 1757 2370 A
1773 2340 1808 2369 H
1823 2338 1863 2369 sit

1039 2384 1078 2414 ad
1092 2383 1346 2423 perpendiculum
1370 2385 1401 2415 A
1418 2384 1447 2420 Ι,
1473 2390 1511 2414 ut
1532 2388 1662 2422 tangens
1686 2381 1862 2422 hyperbolae

1038 2437 1130 2467 quam
1146 2436 1256 2465 corpus
1271 2428 1328 2458 sub
1342 2426 1459 2467 angulo
1474 2425 1583 2466 aequali
1598 2426 1633 2455 H
1651 2426 1681 2455 A
1698 2425 1729 2455 K
1745 2423 1862 2464 projee-

1035 2476 1103 2499 tum
1118 2468 1151 2498 in
1165 2468 1268 2499 medio
1288 2469 1444 2499 resistente
1466 2468 1618 2504 describit,
1642 2473 1689 2498 est
1709 2466 1748 2497 ad
1769 2476 1863 2496 suum

1035 2510 1288 2550 perpendiculum
1306 2512 1336 2542 A
1351 2512 1367 2542 1
1378 2523 1388 2548 ;
1403 2510 1569 2550 hyperbola
1581 2511 1609 2540 A
1626 2510 1656 2540 G
1670 2510 1703 2540 K
1715 2510 1748 2538 in
1759 2509 1863 2539 charta

1034 2553 1184 2592 descripta
1207 2553 1315 2583 similis
1339 2554 1397 2584 erit
1417 2552 1591 2594 hyperbolae
1613 2562 1683 2592 quae
1703 2551 1737 2580 in
1757 2550 1861 2581 medio

1033 2596 1192 2627 resistente
1205 2595 1393 2626 describitur.
1441 2597 1483 2626 Et
1498 2595 1606 2625 eodem
1621 2599 1803 2634 argumento
1817 2592 1862 2622 al-

1033 2644 1098 2669 tera
1111 2638 1285 2678 hyperbola,
1302 2638 1390 2679 cujus
1404 2644 1448 2669 est
1459 2637 1632 2677 amplitudo
1649 2637 1679 2666 A
1694 2635 1727 2672 k,
1749 2641 1780 2665 et
1793 2641 1861 2665 tan*

1034 2691 1112 2721 gens
1128 2682 1159 2710 A
1174 2682 1206 2717 h,
1235 2686 1379 2711 manente
1404 2679 1623 2719 perpendiculo
1644 2679 1675 2709 A
1700 2678 1728 2715 1,
1753 2677 1862 2707 similis

1036 2723 1095 2754 erit
1122 2723 1296 2762 hyperbolae
1325 2722 1370 2752 illi
1398 2733 1492 2763 quam
1521 2731 1632 2760 corpus
1660 2721 1717 2751 sub
1745 2719 1861 2760 angulo

1037 2765 1147 2806 aequali
1162 2766 1183 2795 h
1201 2766 1230 2795 A
1246 2765 1277 2801 k,
1293 2765 1463 2806 projectum
1475 2764 1507 2793 in
1519 2762 1655 2794 secundo
1668 2763 1860 2802 experimen-

1036 2813 1070 2838 to
1094 2807 1246 2838 describit.
1296 2806 1370 2843 Qua
1397 2812 1528 2846 propter,
1554 2806 1594 2836 ob
1625 2805 1797 2847 figurarum
1827 2804 1861 2834 in

1035 2849 1140 2880 charta
1154 2856 1184 2880 et
1198 2850 1230 2879 in
1242 2849 1345 2880 medio
1359 2849 1515 2878 resistente
1535 2847 1755 2887 descriptarum
1776 2846 1862 2876 simi-

1029 2892 1208 2928 litudinem,
1224 2891 1441 2931 amplitudines
1465 2891 1495 2920 A
1512 2890 1556 2927 K,
1582 2890 1614 2921 A
1627 2890 1651 2920 k
1671 2895 1762 2920 eruut
1783 2889 1862 2919 inter

1036 2945 1069 2965 se
1083 2941 1119 2964 ut
1133 2935 1306 2973 homologae
1320 2932 1537 2972 amplitudines
1545 2932 1780 2973 hyperbolarum
1792 2941 1862 2971 quae

1036 2977 1071 3049 ig
1086 2976 1306 3050 {xffriinieptis
1326 2975 1484 3015 descriptae
1505 2982 1587 3012 sunt,
1611 2974 1647 3006 id
1667 2980 1722 3012 est,
1751 2974 1782 3005 A
1799 2973 1832 3004 K
1848 2984 1856 3004 ε

986 3074 1050 3106 Ἐξ.)
