2066 3548
169 218 174 223 ’
212 250 292 287 136
613 241 1064 293 PmLosoPfflAE
1095 239 1465 285 NATURALIS*
1543 239 1691 293 [Mor.
1715 239 1919 285 nomn.

207 357 283 398 &c.
344 356 388 411 (¹)
411 355 468 397 Et
485 354 552 396 hae
571 355 791 412 gravitates
820 355 956 396 ductae
975 354 1020 395 in
1039 353 1275 396 altitudines
1292 353 1333 394 A
1355 352 1406 403 B,
1433 349 1472 392 B
1485 351 1541 403 C,
1566 351 1602 394 C
1617 352 1679 403 D,
1711 354 1786 395 &c-
1818 367 1918 397 con:-

206 428 347 469 ficient
381 427 614 483 pressiones
648 427 689 469 A
712 426 774 477 H,
799 426 836 468 B
857 426 893 477 I,
919 427 956 469 C
979 426 1035 477 K,
1069 428 1147 470 διο.
1184 427 1332 483 quibus
1367 425 1540 467 fundum
1578 423 1616 467 A
1637 426 1678 468 T
1698 427 1739 468 V
1775 429 1789 482 (
1792 427 1916 483 juxta

208 500 444 542 Theorema
466 499 583 554 XV.)
620 506 803 555 urgetur.
865 499 1050 541 Sustinet
1078 514 1180 556 ergo
1207 497 1411 554 particula
1440 497 1482 539 A
1510 497 1741 552 pressiones
1771 504 1930 541 omnes'

205 574 246 615 A
269 573 330 623 H,
354 573 392 614 B
414 572 449 623 Ι,
474 571 511 612 C
534 571 589 621 K,
612 571 657 613 D
678 571 731 621 L,
767 570 816 627 (¹¹)
846 572 1061 629 pergendo
1089 572 1133 612 in
1161 571 1392 621 infinitum3
1424 578 1466 612 et
1493 569 1698 625 particula
1728 565 1766 613 B
1794 586 1913 626 pres-

145 703 147 705 ι
203 645 339 686 siones
370 658 513 686 omnes
533 652 687 699 praeter
704 644 883 699 primam
904 645 946 685 A
967 645 1017 686 H
1029 660 1040 694 3
1076 652 1118 686 et
1136 644 1338 699 particula

206 717 243 758 C
263 731 408 758 omnes
435 723 590 771 praeter
620 716 723 757 duas
743 715 898 770 primas
919 716 961 756 A
982 715 1045 766 H,
1072 715 1110 757 Β
1131 715 1177 765 I;
1207 722 1249 757 et
1278 715 1337 756 sic

202 791 421 846 deinceps:
453 790 631 847 ideoque
659 789 875 845 particulae
904 789 1052 843 primae
1087 788 1129 829 A
1158 786 1340 829 densitas

202 864 242 904 A
266 863 327 913 H,
363 870 425 904 est
459 862 512 904 ad
544 861 759 917 particulae
791 860 985 902 secundae
1020 861 1057 902 B
1092 859 1340 901 densitatem

203 934 739 976 BIutsummaomnium
772 933 885 974 AH
913 939 955 981 4-
984 933 1066 976 BI
1092 939 1136 982 -ἧ-
1165 931 1262 973 CK
1289 936 1334 980 -Ι-

199 1008 244 1050 D
267 1008 318 1059 L,
341 1009 385 1049 in
405 1008 627 1058 infinitum,
664 1008 718 1049 ad
739 1021 943 1048 summam
970 1005 1156 1046 omnium
1178 1004 1216 1045 B
1238 1004 1260 1046 I
1288 1008 1331 1052 -Ι-

201 1079 238 1122 C
261 1080 303 1122 K
331 1087 374 1130 -1-
402 1081 446 1122 D
469 1080 521 1130 L,
545 1082 621 1121 &c.
683 1080 740 1120 Et
768 1079 805 1120 B
828 1079 849 1120 I
871 1078 1051 1119 densitas
1073 1075 1266 1118 secundae
1298 1075 1337 1117 B

197 1160 260 1193 est
279 1152 333 1194 ad
357 1152 393 1194 C
417 1152 459 1193 K
480 1152 727 1193 densitatem
756 1151 890 1192 tertiae
916 1150 966 1200 C,
1000 1157 1046 1191 ut
1067 1163 1228 1190 summa
1247 1162 1337 1189 om-

194 1224 312 1264 nium
349 1224 387 1265 B
420 1223 441 1264 Ι
471 1230 512 1272 -1-
543 1223 579 1264 C
612 1223 655 1265 K
683 1230 725 1273 ÷
754 1223 798 1264 D
830 1223 883 1273 L,
925 1224 1001 1264 &Q
1045 1222 1099 1262 ad
1130 1235 1334 1262 summam

195 1295 381 1337 omnium
405 1295 441 1336 C
466 1295 507 1336 K
536 1302 578 1345 ÷
607 1294 650 1336 D
669 1294 720 1344 L,
744 1296 819 1336 &c.
885 1295 992 1336 Sunt
1011 1293 1138 1351 igitur
1159 1306 1332 1334 summae

194 1367 276 1407 illae
299 1367 546 1408 differentiis
577 1368 663 1408 suis
694 1367 735 1409 A
758 1368 819 1418 H,
858 1367 896 1409 B
917 1369 953 1419 I,
990 1368 1026 1409 C
1050 1368 1105 1418 K,
1138 1369 1214 1409 &c.
1244 1381 1345 1422 pro-

192 1441 461 1496 portionales,
501 1448 623 1496 atque
654 1441 749 1482 ideo
780 1441 976 1483 continue
1009 1439 1342 1496 proportionales

195 1516 288 1567 (per
307 1513 431 1568 hujus
454 1513 574 1554 Lem.
598 1513 651 1565 I.)
668 1513 927 1569 proindeque
942 1513 1185 1554 differentiae
1207 1512 1248 1553 A
1271 1511 1333 1562 H,

193 1583 230 1624 B
247 1583 282 1634 Ι,
309 1583 344 1624 C
364 1583 419 1634 K,
443 1584 518 1625 διο.
543 1585 713 1625 summis
725 1584 1070 1639 proportionales,
1095 1590 1193 1624 sunt
1209 1582 1333 1623 ctiam

190 1659 387 1701 continue
402 1657 750 1715 proportionales.
816 1656 961 1705 Quare
991 1654 1086 1696 cum
1107 1650 1334 1695 densitates

188 1733 233 1772 in
252 1732 353 1774 locis
374 1732 428 1782 A,
454 1732 504 1782 B,
530 1731 580 1781 C,
603 1731 679 1772 διο.
703 1729 785 1769 sint
805 1735 853 1769 ut
873 1728 914 1768 A
936 1726 999 1777 H,
1025 1726 1062 1768 B
1085 1726 1120 1776 I,
1146 1725 1182 1766 C
1206 1725 1262 1775 K,
1295 1727 1370 1767 &c.
1403 1734 1526 1768 erunt
1545 1726 1669 1768 etiam
1688 1726 1757 1768 hae
1776 1725 1908 1769 conti-

189 1803 270 1845 nue
291 1802 638 1858 proportionales.
700 1800 906 1857 Pergatur
925 1813 1002 1854 per
1023 1798 1185 1848 saltum,
1221 1806 1262 1839 et
1282 1812 1335 1839 ex
1355 1813 1476 1854 aequo
1495 1800 1539 1840 in
1563 1799 1766 1841 distantiis
1799 1799 1829 1841 S
1850 1800 1906 1850 A,

190 1878 220 1919 S
243 1877 291 1927 C,
317 1878 346 1918 S
369 1877 407 1919 E
442 1875 636 1918 continue
665 1872 1060 1929 proportionalibus,
1093 1878 1216 1912 erunt
1236 1870 1459 1912 densitates
1491 1872 1529 1912 A
1555 1870 1617 1922 H,
1643 1871 1679 1912 C
1702 1871 1760 1921 K,
1794 1870 1833 1913 E
1854 1870 1908 1912 M

186 1948 381 1990 continue
415 1946 762 2003 proportionales.
825 1946 882 1987 Et
902 1943 1051 1986 eodem
1086 1951 1346 1999 argumento,
1381 1942 1426 1983 in
1457 1941 1661 1983 distantiis
1695 1941 1908 2010 qy'busvis

187 2019 380 2062 continue
400 2017 781 2074 proportionalibus
814 2017 844 2057 S
864 2016 919 2065 A,
951 2015 981 2056 S
1001 2014 1060 2064 D,
1096 2014 1126 2055 S
1148 2013 1204 2063 G,
1237 2012 1459 2054 densitates
1490 2011 1531 2053 A
1554 2012 1615 2062 H,
1648 2012 1693 2054 D
1715 2011 1766 2062 L,
1801 2011 1843 2054 G
1866 2011 1908 2054 Ο

186 2100 308 2134 erunt
329 2091 522 2134 continue
543 2088 888 2146 proportionales.
952 2087 1114 2129 Coe‘ant
1135 2087 1224 2142 jam
1253 2093 1410 2141 puncta
1440 2085 1494 2136 A,
1520 2085 1571 2136 B,
1598 2085 1647 2136 C,
1671 2085 1730 2136 D,
1755 2083 1806 2136 E,
1829 2086 1906 2146 8ῐό.7

186 2181 236 2207 eo
255 2173 302 2206 ut
320 2163 560 2221 progressio
575 2162 821 2220 gravitatum
841 2160 1128 2217 specificarum
1149 2174 1174 2200 a
1193 2158 1325 2200 fundo
1347 2158 1388 2200 A
1408 2158 1462 2199 ad
1483 2158 1760 2200 summitatem
1788 2156 1909 2201 fluidi

185 2238 381 2280 continua
415 2237 626 2287 reddatur,
664 2243 706 2277 et
739 2235 784 2276 in
813 2233 1018 2276 distantiis
1055 2231 1268 2289 quibusvis
1302 2230 1497 2273 continue
1526 2230 1907 2286 proportionalibus

189 2313 218 2354 S
239 2312 292 2362 A,
318 2309 347 2353 S
368 2312 426 2361 D,
453 2311 482 2353 S
505 2310 561 2360 G,
584 2309 808 2351 densitates
831 2307 871 2349 A
893 2307 955 2357 H,
981 2306 1025 2349 D
1050 2306 1101 2356 L,
1127 2305 1170 2347 G
1193 2304 1249 2355 O,
1272 2319 1438 2359 semper
1459 2304 1681 2345 existentes
1711 2302 1908 2346 continue

185 2380 528 2438 proportionaleS,
551 2379 780 2440 manebunt
795 2378 1023 2420 etiamnum
1045 2374 1241 2417 continue
1261 2374 1638 2430 proportionales„
1669 2375 1724 2425 Q.
1746 2390 1782 2417 e.
1804 2375 1846 2418 d.

245 2454 373 2496 Corol.
436 2451 553 2494 Hinc
573 2451 607 2491 si
628 2450 752 2492 detur
772 2448 954 2492 densitas
976 2447 1095 2489 fluidi
1114 2446 1158 2487 in
1179 2446 1342 2493 duobus
1363 2444 1476 2497 locis,
1498 2442 1600 2501 puta
1619 2445 1662 2488 A
1682 2453 1724 2488 et
1744 2445 1796 2497 E,
1819 2444 1907 2489 col-

1811 2574 1891 2607 An

184 2582 239 2611 &c.
273 2582 334 2612 sint
356 2579 502 2612 continue
549 2589 583 2610 ro
605 2578 777 2615 orfionales,
805 2587 913 2609 earum
934 2575 1024 2607 diffe-
1089 2598 1099 2609 2
1482 2598 1490 2605 -
1624 2598 1632 2606 ·
1722 2599 1730 2606 -

184 2623 290 2654 remiae
308 2627 339 2655 A
357 2624 398 2661 B,
418 2624 446 2654 B
465 2623 502 2660 c,
521 2589 548 2653 g
561 2590 605 2660 Dp,
620 2622 676 2652 &c.
695 2621 769 2661 ipsis
782 2619 1024 2660 proportionales
1067 2609 1141 2630 cum
1156 2600 1208 2640 (ex
1221 2598 1390 2638 demonst.)
1406 2604 1538 2640 gravxtas
1551 2597 1693 2638 specifica
1706 2605 1745 2631 sit
1758 2605 1796 2632 ut
1813 2619 1902 2661 A—B,

185 2674 283 2713 erunt.
1009 2704 1017 2712 .
1065 2667 1180 2707 pressio
1195 2666 1283 2700 fluidi
1297 2666 1467 2707 cylindrici,
1490 2666 1579 2707 cujus
1593 2673 1640 2698 est
1653 2667 1787 2700 altitudo
1810 2671 1842 2702 A
1860 2671 1903 2713 B,

228 2709 267 2748 (¹)
286 2712 302 2728 *
322 2711 366 2740 Ec
389 2710 434 2739 11oe
457 2708 619 2748 gravitates
645 2706 837 2743 ductae„&c.
887 2705 971 2735 Nam
993 2714 1018 2734 ει
1063 2710 1120 2740 erit
1133 2716 1170 2740 ut
1187 2712 1217 2740 A
1235 2709 1282 2746 H,
1299 2715 1330 2739 et
1343 2709 1386 2740 ita
1399 2709 1439 2740 de
1453 2709 1579 2740 emeris,

184 2751 306 2789 pondus
320 2751 403 2791 quod
420 2750 556 2781 fundum
579 2748 761 2788 sphaericum
787 2749 818 2778 A
837 2748 866 2778 T
882 2748 915 2779 V
928 2747 1029 2777 susti-.

184 2799 246 2829 net,
270 2799 441 2832 exponatur
455 2803 510 2832 per
525 2791 697 2832 cylindrum
714 2793 803 2832 quus
817 2789 896 2821 basis
917 2799 1019 2829 aequa·
1109 2791 1158 2834 (ἱ)
1179 2795 1249 2823 175.
1276 2795 1293 2811 ”
1314 2794 1471 2832 Pergendo
1483 2795 1517 2824 in
1531 2795 1697 2837 infinitum·
1745 2796 1903 2833 Quoniam

183 2834 222 2865 lis
237 2835 277 2865 sit
290 2836 462 2875 superficiei
482 2837 511 2865 A
531 2835 560 2865 T
576 2834 608 2865 V
627 2840 658 2865 et
673 2832 806 2864 altitudo
821 2832 928 2863 eadem
950 2842 1021 2871 quae
1065 2834 1149 2864 enim
1167 2836 1236 2875 (per
1254 2835 1359 2875 Hyp.)
1383 2835 1516 2866 densitas
1537 2837 1755 2876 compressioni
1775 2849 1904 2880 pmpor-

182 2876 270 2908 fluidi
286 2879 502 2911 incumbentis.
520 2878 667 2907 volumen
681 2875 768 2906 fluidi
787 2874 945 2916 cylindrici
966 2884 1022 2913 pro
1065 2876 1189 2908 tionalis
1212 2883 1266 2912 est,
1294 2877 1348 2908 ubi
1373 2878 1557 2917 compressio
1583 2879 1671 2910 nulla
1695 2880 1805 2919 evadit,
1831 2891 1903 2914 eva-

182 2919 346 2950 altitudine
365 2921 394 2951 A
415 2921 442 2951 B
459 2920 518 2951 erit
535 2921 566 2951 A
585 2920 614 2950 T
630 2919 661 2949 V
675 2923 708 2957 ><
730 2919 760 2949 A
779 2919 819 2955 B,
836 2916 966 2957 ideoque
981 2919 1022 2948 ob
1065 2919 1164 2949 nescit
1178 2929 1301 2960 quoque
1323 2919 1466 2957 densitas,
1492 2931 1557 2958 seu,
1584 2921 1717 2953 fluidum
1733 2922 1769 2954 fit
1781 2923 1903 2957 infinite

182 2961 286 2992 datam
302 2963 495 3001 superficiem
516 2963 545 2993 Α
564 2963 593 2993 Τ
609 2962 648 2999 V,
663 2961 721 2992 erit
732 2961 879 2992 volumen
894 2959 973 2990 illud
988 2966 1024 2990 ut
1067 2972 1183 2998 rarum,
1199 2972 1235 2992 ac
1250 2961 1378 3002 proinde
1391 2962 1424 2992 in
1439 2963 1596 2995 infinitum
1612 2964 1813 3004 expanditur·
1829 2965 1903 2999 cem

186 3004 217 3035 A
238 3005 276 3042 B,
294 3005 517 3043 multiplicetur
531 3004 611 3035 illud
633 3014 688 3044 per
707 3003 888 3044 gravitatem
903 3002 1024 3042 specifi·
1067 3004 1146 3035 ratio
1160 3004 1327 3038 voluminis
1347 3005 1388 3036 ad
1408 3006 1543 3038 materiae
1557 3007 1762 3048 quantitatem
1782 2989 1903 3042 ixifinita

182 3057 250 3078 cam
266 3053 298 3078 et
311 3047 430 3078 factum
446 3047 504 3078 crit
518 3053 555 3078 ut
569 3046 694 3087 pondus
707 3055 763 3078 seu
777 3046 914 3087 pressi03
929 3054 1025 3086 quare
1068 3046 1176 3078 evadat
1191 3049 1237 3090 (2.
1258 3047 1328 3079 Lib.
1347 3046 1406 3088 L).
