2066 3548
247 227 329 264 234·
687 224 1140 268 PHILOSOPHIAE
1169 227 1530 271 NATURALIS
1591 217 1737 281 [Mo'rss
1761 230 1964 285 Conroa,

1006 403 1238 458 LEMMA
1269 417 1321 458 v.

245 531 293 573 Si
316 533 530 587 cylindrus,
553 532 710 585 sphaera
731 538 769 573 et
788 532 991 585 sphaerois,
1015 545 1175 585 quorum
1196 532 1428 572 latitudines
1446 537 1537 572 sunt
1557 532 1738 586 (equales,
1767 534 1811 574 in
1829 535 1958 575 medio

276 607 278 611 '
299 606 454 646 canalis
484 606 697 660 cylindrici
723 607 783 646 ita
809 607 985 646 locentur
1012 602 1219 646 successive*
1245 611 1289 645 ut
1315 619 1444 645 eorum
1475 619 1569 646 axes
1597 620 1681 646 cum
1708 619 1784 647 axe
1801 610 1963 650 canali-f

298 678 527 718 coint-idam
542 695 557 730 ,-
577 677 660 717 haec
674 678 1008 733 cmporafluxum
1022 690 1136 730 aquae
1147 691 1227 730 per
1246 678 1422 718 canalem
1442 679 1652 731 aequaliter
1671 678 1894 732 impedient.

301 805 349 860 (f)
373 805 484 856 Nam
511 786 642 861 spatia
670 806 779 847 inter
809 805 994 847 canalem
1015 812 1056 846 et
1076 804 1322 861 cylindrum,
1354 803 1574 860 sphaeram,
1606 813 1647 846 et
1676 805 1952 860 sphaeroidem

239 892 314 932 per
335 893 427 934 quae
447 893 554 935 aqua
573 878 731 929 transit,
764 887 860 920 sunt
880 878 1077 935 aequalia:
1109 887 1150 920 et
1170 892 1277 934 aqua
1295 891 1371 932 per
1390 878 1564 934 aequalia
1583 878 1714 933 spatia
1734 879 1951 936 aequaliter

239 958 397 991 transit.

305 1020 416 1061 Haec
437 999 494 1062 ita
514 1035 557 1062 se
577 1017 732 1061 habent
761 1035 816 1062 ex
843 1018 1077 1076 hypothesi,
1115 1018 1227 1075 quod
1262 1034 1369 1075 aqua
1397 1018 1531 1059 omnis
1562 1032 1686 1073 supra
1720 1018 1951 1075 cylindrum

238 1091 441 1147 sphaeram
462 1092 526 1133 vel
548 1091 824 1147 sphaeroidem
845 1091 1098 1149 congelatur,
1131 1092 1244 1147 cujus
1263 1091 1442 1133 fluiditas
1463 1091 1515 1132 ad
1537 1091 1795 1133 celerrimum
1826 1092 1950 1149 aqud&

236 1164 452 1205 transitum
471 1178 554 1205 non
577 1163 812 1219 requiritur,
836 1153 944 1205 ut‘in
969 1162 1109 1204 Corol.
1134 1167 1172 1207 7.
1196 1163 1323 1218 Prop.
1348 1162 1571 1235 {XXVL
1593 1162 1786 1217 explicui.

927 1330 1159 1373 LEMMA
1189 1331 1266 1373 VI.

232 1447 379 1488 Iisdem
397 1446 556 1499 positis,
587 1459 756 1499 corpora
774 1446 976 1499 pmdicta
1004 1446 1214 1500 aequaliter
1243 1450 1434 1500 urgentur
1462 1445 1512 1486 ab
1541 1443 1646 1499 aqud
1665 1459 1745 1498 per
1765 1446 1942 1486 canalem

997 1517 1170 1572 fluente.

291 1629 412 1670 Patet
430 1643 506 1683 per
527 1628 703 1670 Lemma
723 1629 775 1670 V.
796 1636 838 1670 et
855 1636 991 1671 motus
1011 1628 1148 1686 legem
1168 1627 1343 1670 tertiam.
1404 1627 1528 1683 Aqua
1546 1626 1687 1683 utique
1707 1634 1748 1668 et
1767 1641 1963 1683 corpora¹

230 1701 276 1742 in
298 1716 341 1743 se
361 1709 506 1743 mutuo
528 1701 740 1758 aequaliter
760 1709 898 1759 agunt.

902 1869 1133 1913 LEMMA
1163 1871 1266 1912 VII.

229 1985 276 2027 Si
295 1999 402 2039 aqua
422 1986 595 2039 quiescat
615 1987 659 2026 in
680 1986 828 2034 canali,
858 1991 896 2025 et
914 1985 997 2025 hoec
1015 1997 1182 2037 corpora
1205 1985 1249 2023 in
1268 1989 1411 2036 partes
1432 1983 1659 2023 contrarias
1677 1981 1824 2035 cequali
1839 1982 1942 2022 velo·

299 2058 422 2098 citate
433 2072 512 2111 per
531 2059 708 2098 canalem
712 2057 912 2111 ferantur
925 2075 938 2097 .-
968 2057 1139 2110 aequales
1159 2060 1275 2095 erunt
1290 2068 1422 2094 eorum
1441 2053 1679 2094 res.·'stentioe
1694 2053 1798 2093 inter
1816 2067 1868 2094 se.

287 2166 462 2209 Constat
495 2181 548 2208 ex
582 2167 799 2209 Lemmate
831 2165 1055 2221 superiore,
1095 2179 1193 2206 nam
1226 2171 1363 2206 motus
1395 2162 1555 2205 relativi
1596 2161 1722 2203 iidem
1761 2162 1868 2203 inter
1896 2176 1940 2203 se

226 2246 407 2280 manent.

978 2386 1185 2428 Scholium.

283 2499 444 2542 Eadem
463 2507 526 2541 est
545 2499 650 2541 ratio
665 2514 886 2555 corporum
902 2500 1087 2541 omnium
1100 2514 1380 2560 convexerum
1393 2506 1433 2541 et
1448 2498 1736 2547 rotundorum,
1758 2509 1938 2552 quorum

225 2587 324 2615 axes
345 2587 442 2614 cum
461 2587 539 2614 axe
560 2572 712 2614 canalis
735 2573 985 2615 coincidunt.
1030 2572 1277 2615 Differentia
1296 2572 1433 2628 aliqua
1453 2586 1505 2613 ex
1525 2572 1679 2626 majore
1692 2569 1757 2611 vel
1776 2569 1938 2611 minore

221 2646 414 2688 frictione
444 2645 543 2687 oriri
571 2653 730 2700 potest3
767 2646 839 2687 sed
859 2647 902 2687 in
921 2646 986 2688 his
1008 2646 1235 2688 Lemmatis
1255 2659 1431 2700 corpora
1459 2660 1548 2686 esse
1576 2643 1820 2699 politissima
1840 2655 1938 2697 sup-

223 2716 431 2771 ponimus,
464 2724 506 2758 et
533 2715 658 2757 medii
690 2717 951 2758 tenacitatem
972 2725 1012 2758 et
1032 2716 1262 2759 frictionem
1285 2731 1374 2758 esse
1404 2715 1572 2765 nullam,
1606 2723 1647 2756 et
1668 2713 1780 2771 quod
1798 2719 1937 2769 partes

220 2787 351 2837 fluidi,
385 2802 477 2842 quae
506 2787 685 2828 motibus
708 2787 790 2828 suis
811 2787 988 2842 obliquis
1009 2795 1050 2829 et
1071 2786 1290 2842 superfluis
1315 2787 1475 2828 fluxum
1505 2801 1624 2841 aquae
1644 2800 1720 2841 per
1750 2783 1935 2826 canalem

220 2860 475 2914 perturbare,
510 2860 723 2916 impedire,
758 2868 799 2901 et
827 2859 1038 2901 retardare
1067 2858 1255 2915 possunt,
1290 2859 1504 2916 quiescant
1523 2859 1631 2899 inter
1662 2873 1705 2899 se
1735 2865 1934 2913 tanquam

220 2931 316 2986 gelu
347 2931 593 2980 constrictae,
631 2938 672 2972 et
701 2930 943 2986 corporibus
964 2930 1016 2971 ad
1038 2931 1222 2985 ipsorum
1250 2938 1387 2986 partes
1418 2930 1572 2971 anticas
1595 2937 1635 2971 et
1654 2928 1831 2984 posticas
1860 2926 1934 2969 ad-

262 3040 306 3084 (‘)
323 3044 341 3061 ¹⁸
358 3044 446 3074 Nam
468 3045 564 3083 spatia
580 3044 659 3074 inter
670 3044 807 3074 canalem
823 3049 852 3073 et
866 3048 1055 3073 transversas
1098 3049 1126 3073 ct
1141 3044 1311 3081 splaaeroidv's
1321 3053 1377 3083 per
1391 3053 1460 3082 quae
1471 3053 1551 3084 aqua
1568 3043 1692 3081 transit,
1707 3046 1779 3074 sunt
1789 3040 1929 3082 aequalia.

217 3085 366 3122 sectiones,
378 3095 429 3117 seu
439 3087 614 3117 latitudines
622 3087 768 3117 maximas
779 3086 919 3126 cylindri,
932 3086 1054 3125 sphaerae
1102 3085 1174 3115 vid.
1189 3085 1283 3116 schol.
1302 3094 1440 3125 sequens.
1656 3101 1663 3107 ·
