2066 3548
219 261 301 298 266
638 254 1088 316 PHILOSOPHIAE
1122 255 1483 300 NATURALIS
1555 257 1699 309 [Mom.
1723 258 1927 303 Confert.

216 369 433 425 propagati
448 383 535 411 sese
556 369 786 410 dilatabunt
805 370 858 410 ad
878 369 1018 419 latera,
1040 384 1114 425 per
1133 370 1461 424 Propositionem
1482 370 1785 424 praecedentem
1795 386 1808 420 3
1839 379 1880 412 et
1896 355 1924 413 a

217 454 391 494 corpore
412 439 483 480 illo
503 439 680 481 tremulo
702 448 895 495 tanquam
917 450 1060 481 centro
1080 440 1300 490 communi,
1324 439 1549 481 secundum
1573 440 1806 495 superficies
1825 455 1924 495 pro-

216 510 439 564 pemodum
461 510 683 565 sphaericas
704 518 745 551 et
765 512 1055 561 concentricas,
1087 511 1270 565 undique
1293 510 1646 566 propagabuntur.
1708 510 1846 566 Cujus'
1863 511 1924 553 rei

216 581 452 635 exemplum
482 580 650 636 aliquod
678 580 876 622 habemus
906 581 949 622 in
978 581 1112 631 undis,
1145 596 1238 636 quae
1258 582 1292 623 si
1312 582 1442 638 digito
1472 581 1654 622 tremulo
1680 582 1921 639 excitentur,

213 665 298 693 non
320 652 454 693 solum
474 661 651 709 pergent
669 653 767 695 hinc
786 654 883 695 inde
905 654 1133 695 secundum
1152 654 1318 711 plagam
1337 664 1474 696 motus
1497 655 1628 712 digiti,
1661 655 1748 705 sed,
1770 655 1813 696 in
1833 670 1923 696 mo-

215 722 316 763 dum
337 722 587 764 circulorum
617 725 983 774 concentricorum,
1016 724 1190 780 digitum
1211 725 1348 766 statim
1373 726 1540 782 cingent
1558 734 1599 767 et
1618 725 1800 781 undique
1826 740 1924 781 pro-

213 792 489 850 pagabantur.
551 792 661 834 Nam
679 794 858 850 gravitas
879 794 1084 835 undarum
1105 794 1270 849 supplet
1289 794 1427 836 locum
1447 796 1506 836 vis
1527 795 1718 837 elasticae.

274 867 366 908 Cas.
389 871 428 906 2.
462 865 514 921 (¹¹)
537 866 665 915 Quod
687 866 720 906 si
739 866 923 907 medium
942 881 1026 907 non
1049 867 1100 908 sit
1126 866 1363 908 elasticum:
1395 867 1590 922 quoniam
1618 868 1704 921 ejus
1733 875 1870 922 partes
1899 882 1929 908 a

214 937 397 991 corporis
418 935 584 978 tremuli
603 936 789 991 partibus
810 936 976 978 vibratis
996 951 1151 991 pressae
1171 937 1414 978 condensari
1429 946 1653 993 nequeunt,
1675 928 1927 994 propagabib

212 1019 280 1052 tur
310 1017 445 1051 motus
475 1009 519 1049 in
547 1008 717 1049 instanti
745 1007 798 1049 ad
826 1016 965 1063 partes
995 1008 1066 1049 ubi
1095 1009 1279 1049 medium
1298 1007 1488 1049 facillime
1509 1007 1630 1058 cedit,
1661 1008 1743 1048 hoc
1763 1018 1839 1059 est,
1871 1007 1925 1050 ad

211 1092 349 1138 partes
380 1098 482 1139 quas
512 1096 662 1137 corpus
692 1081 914 1123 tremulum
941 1081 1094 1137 alioqui
1123 1096 1271 1123 vacuas
1293 1097 1316 1122 a
1336 1089 1454 1138 tergo
1481 1080 1745 1136 relinqueret.
1806 1080 1926 1122 Idem

213 1164 277 1197 est
296 1170 413 1197 casus
434 1169 530 1196 cum
550 1169 647 1195 casu
678 1153 863 1208 corporis
884 1154 926 1194 in
946 1153 1084 1194 medio
1114 1168 1360 1209 quocunque
1389 1153 1575 1208 projecti.
1637 1153 1828 1194 Medium
1852 1168 1927 1194 -ce-

214 1228 351 1269 dendo
370 1226 664 1283 projectilibus,
686 1241 771 1267 non
792 1226 946 1267 recedit
965 1227 1009 1266 in
1028 1226 1234 1268 infinitum
1246 1242 1258 1276 ;
1281 1226 1354 1267 sed
1374 1227 1416 1267 in
1438 1226 1637 1267 circulum
1659 1226 1809 1276 eundo,
1830 1240 1927 1281 per-

213 1299 273 1355 git
293 1298 346 1339 ad
366 1298 499 1353 spatia
519 1312 612 1354 quae
633 1312 783 1352 corpus
804 1296 999 1353 relinquit
1018 1313 1043 1338 a
1062 1305 1192 1354 tergo.
1253 1297 1387 1353 Igitur
1406 1297 1566 1352 quoties
1593 1311 1744 1351 corpus
1773 1304 1926 1337 tremu-

212 1371 299 1412 lum
319 1370 456 1427 pergit
475 1370 518 1410 in
538 1377 698 1424 partem
719 1383 1018 1425 quamcunque,
1049 1368 1233 1409 medium
1254 1367 1440 1409 cedendo
1468 1375 1614 1423 perget
1633 1381 1709 1421 per
1728 1366 1928 1408 circulum

215 1443 267 1483 ad
287 1451 427 1497 partes
449 1457 550 1497 quas
581 1456 729 1495 corpus
756 1440 973 1496 relinquit3
1009 1448 1050 1481 et
1079 1441 1237 1496 quoties
1267 1455 1417 1495 corpus
1446 1440 1680 1497 regreditur
1709 1439 1762 1481 ad
1790 1439 1928 1480 locum
1999 1431 2003 1440 ⁸

213 1514 408 1569 priorem,
430 1513 614 1554 medium
634 1512 730 1553 inde
750 1512 971 1567 repelletur
991 1520 1032 1553 et
1051 1512 1104 1552 ad
1125 1512 1262 1553 locum
1284 1526 1404 1553 suum
1432 1511 1615 1566 priorem
1645 1510 1806 1552 redibit.
1869 1510 1927 1551 Et

214 1583 397 1639 quamvis
419 1597 569 1637 corpus
589 1581 812 1623 tremulum
833 1596 917 1622 non
938 1581 990 1622 sit
1009 1581 1188 1631 firmum,
1221 1581 1293 1622 sed
1322 1580 1455 1621 modis
1486 1580 1678 1621 omnibus
1707 1579 1858 1629 flexile,
1892 1579 1927 1621 si

214 1665 353 1696 tamen.
372 1653 658 1710 magnitudine
689 1653 832 1693 datum
861 1660 1037 1702 maneat,
1077 1652 1271 1707 quoniam
1301 1651 1545 1692 tremoribus
1567 1650 1650 1691 suis
1671 1651 1813 1705 nequit
1841 1665 1928 1691 me-

215 1728 329 1768 dium
349 1727 481 1768 ubivis
503 1741 664 1783 urgere,
697 1726 797 1781 quin
817 1725 915 1766 alibi
936 1725 1069 1766 eidem
1092 1725 1213 1766 simul
1233 1724 1373 1774 cedat3
1404 1724 1552 1765 efficiet
1571 1732 1617 1765 ut
1636 1724 1830 1773 medium,
1862 1738 1927 1764 re-

214 1799 400 1840 cedendo
420 1815 445 1840 a
463 1798 649 1853 partibus
670 1798 741 1838 ubi
760 1797 974 1852 premitur,
1004 1804 1151 1853 pergat
1180 1812 1342 1851 semper
1361 1797 1404 1837 in
1426 1796 1570 1838 orbem
1590 1795 1644 1836 ad
1663 1803 1801 1850 partes
1832 1810 1926 1851 quae

216 1871 350 1911 eidem
371 1869 536 1910 cedunt.
598 1869 653 1918 Q.
675 1883 711 1909 e.
734 1869 774 1909 d.

276 1941 406 1981 Corol.
452 1938 778 1981 Hallucinantur
806 1940 934 1996 igitur
953 1941 1024 1996 qui
1045 1940 1218 1982 credunt
1247 1940 1511 1997 agitationem
1539 1940 1722 1995 partium
1746 1940 1926 1980 flammae

216 2010 269 2051 ad
280 2010 551 2065 pressionem,
572 2024 648 2064 per
663 2010 846 2051 medium
858 2010 1058 2060 ambiens,
1080 2010 1306 2052 secundum
1320 2010 1448 2051 lineas
1465 2018 1596 2052 rectas
1609 2008 1927 2066 propagandum

218 2080 462 2121 conducere.
523 2079 709 2122 Debebit
739 2080 940 2135 ejusmodi
973 2081 1131 2135 pressio
1162 2096 1246 2122 non
1283 2081 1336 2122 ab
1375 2081 1596 2138 agitatione
1628 2079 1714 2123 solii
1749 2080 1928 2136 partium

218 2153 410 2203 flammae,
433 2152 507 2194 sed
527 2168 552 2194 a
571 2153 697 2194 totius
719 2153 956 2195 dilatatione
977 2153 1165 2194 derivari.

469 2369 843 2413 PROPOSITIO
874 2368 1039 2410 XLIV.
1101 2364 1458 2409 THEOREMA
1489 2365 1686 2408 XXXV.

221 2499 267 2540 Si
288 2511 394 2553 aqua
416 2500 460 2539 in
480 2499 635 2539 canalis
663 2498 841 2539 cruribus
867 2498 1005 2538 erectis
1028 2496 1069 2536 K
1091 2496 1143 2545 L,
1167 2495 1218 2537 M
1239 2495 1282 2536 N
1310 2495 1456 2536 vicibus
1485 2495 1653 2536 alternis
1676 2489 1864 2534 ascendat
1891 2498 1930 2533 et

279 2573 488 2612 descendat
500 2593 516 2618 ‚·
551 2577 802 2613 construatur
828 2577 956 2610 autem
982 2569 1198 2622 pendulum
1230 2566 1337 2622 cujus
1370 2567 1574 2621 longitudo
1608 2567 1714 2606 inter
1738 2570 1930 2618 punctum

278 2644 541 2697 suspensionis
561 2649 599 2684 et
618 2649 792 2683 centrum
812 2641 1070 2683 oscillationis
1100 2648 1275 2695 oequetur
1293 2640 1442 2682 semissi
1467 2639 1730 2693 longitudinis
1750 2650 1866 2692 aquae
1885 2637 1928 2678 in

278 2718 415 2757 canali
428 2735 440 2757 .·
478 2717 565 2756 dico
592 2716 697 2770 quod
723 2728 831 2770 aqua
861 2715 1042 2756 ascendet
1071 2721 1108 2755 et
1136 2715 1338 2756 descendet
1367 2715 1502 2754 iisdem
1532 2712 1767 2765 temporibus
1793 2711 1930 2766 quibus

273 2790 489 2842 pendulum
509 2788 725 2830 oscillatur.

283 2915 607 2972 Longitudinem
628 2929 746 2970 aquae
765 2927 960 2955 mensuro
981 2913 1207 2954 secundum
1228 2927 1325 2954 axes
1341 2910 1491 2953 canalis
1505 2919 1546 2952 et
1561 2920 1742 2974 crurum,
1757 2909 1930 2950 eandem

230 2998 401 3026 summae
420 2985 570 3027 horum
592 2986 730 3026 axium
745 2983 971 3040 aequand03
993 2990 1034 3024 et
1045 2982 1318 3024 resistentiam
1331 2974 1460 3037 aquae,
1476 2995 1568 3036 quae
1582 2980 1712 3022 oritur
1726 2979 1779 3022 ab
1791 2977 1931 3021 attritu

303 3064 327 3078 l

525 3122 527 3125 ’
579 3117 628 3157 (h)
646 3119 662 3137 ⁶
685 3118 770 3151 Quod
785 3117 810 3147 si
825 3116 959 3147 medium
973 3112 1158 3145 continuum
1173 3110 1212 3143 sit
1225 3116 1256 3143 et
1270 3121 1334 3143 non
1347 3110 1509 3147 ela-tticum,
1523 3109 1579 3141 διο.
