2066 3548
218 248 300 284 164
646 242 1093 287 PHILOSOPHIAE
1125 243 1484 286 NATURALIS
1553 243 1910 296 [Mor-Comma.

214 357 404 400 infimum
424 357 617 414 cycloidis
632 366 844 413 punctum,
867 360 919 413 (Β)
941 366 982 400 et
1001 359 1080 400 erit
1101 358 1138 400 C
1153 359 1198 400 D
1219 366 1264 399 ut
1283 358 1343 398 vis
1363 373 1389 399 a
1407 357 1606 414 gravitate
1620 357 1809 408 oriunda,
1830 357 1910 414 qufi
1984 380 1990 384 ·

216 443 365 484 corpus
384 427 427 468 in
450 428 491 469 D
513 428 742 469 secundum-
757 436 994 486 tangentem
1023 428 1217 485 cycloidis
1246 437 1429 486 urgetur,
1466 443 1636 484 eamque
1658 429 1828 471 habebit
1845 443 1911 470 ra-

214 500 369 541 tionem
384 498 437 539 ad
456 498 756 554 longitudinem
774 500 945 554 penduli
966 499 1016 556 (¹²)
1031 513 1154 556 quam
1168 499 1294 541 habet
1313 500 1372 541 vis
1388 500 1431 540 in
1451 499 1496 541 D
1515 499 1569 540 ad
1578 499 1670 540 'vim
1689 499 1911 556 gravitatis,

216 571 462 625 Exponatur
481 567 607 625 igitur
622 569 681 611 vis
695 569 766 611 illa
776 584 851 625 per
870 570 1171 627 longitudinem
1186 570 1222 612 C
1237 570 1296 620 D,
1318 578 1359 611 et
1377 569 1437 611 vis
1457 569 1667 625 gravitatis
1685 583 1760 624 per
1779 569 1913 626 longi-

214 641 400 683 tudinem
419 638 602 694 penduli,
625 647 666 682 et
685 640 717 681 si
736 640 780 682 in
799 641 844 683 D
859 640 896 682 E
917 640 1101 696 capiatur
1121 640 1164 682 D
1182 640 1221 682 K
1243 641 1288 681 in
1307 638 1353 681 ea
1370 639 1528 681 ratione
1543 638 1597 680 ad
1609 638 1910 695 longitudinem

213 713 386 770 penduli
414 726 538 768 quam
565 712 691 754 habet
717 712 947 754 resistentia
966 712 1019 754 ad
1037 712 1294 769 gravitatem,
1325 710 1402 752 erit
1422 711 1466 753 D
1490 710 1532 752 K
1556 724 1768 765 exponens
1789 710 1912 752 resis-

214 787 367 829 tentiae.
428 785 583 828 centro
606 786 642 827 C
662 794 703 827 et
731 786 945 828 intervallo
974 786 1011 828 C
1032 786 1071 827 A
1102 785 1167 826 vel
1199 784 1235 826 C
1257 784 1294 825 B
1324 791 1583 825 construatur
1617 782 1913 825 semi-circulus

217 858 255 900 B
277 858 314 900 E
333 872 358 899 e
380 857 431 898 A.
490 857 710 900 Describat
728 866 865 901 autem
885 871 1035 913 corpus
1055 864 1242 911 tempore
1261 855 1386 911 quam
1403 854 1576 896 minimo
1597 854 1775 909 spatium
1804 854 1849 896 D
1870 853 1912 905 d,

215 937 258 972 et
276 929 420 972 erectis
438 930 743 987 perpendiculis
763 931 808 973 D
830 930 882 982 Ε,
904 930 934 972 d
953 945 977 972 e
996 927 1338 971 circumferentiae
1367 927 1674 968 occurrentibus
1694 927 1738 968 in
1758 927 1797 969 E
1816 935 1857 970 et
1875 941 1913 980 e,

488 1614 735 1655 AMNa
1043 1617 1160 1652 CO
1275 1619 1374 1659 dl)
1580 1617 1620 1654 B

220 1737 339 1771 erunt
359 1730 449 1771 haec
468 1737 515 1770 ut
534 1729 766 1771 velocitates
786 1744 887 1785 quas
908 1743 1057 1783 corpus
1086 1730 1130 1770 in
1157 1744 1299 1780 vacuo,
1332 1728 1620 1771 descendendo
1640 1742 1664 1769 a
1682 1735 1838 1783 puncto
1868 1725 1920 1776 B,

220 1802 448 1857 acquireret
466 1802 511 1842 in
530 1801 630 1842 locis
660 1802 704 1843 D
725 1808 767 1843 et
786 1802 827 1843 d.
890 1802 1009 1843 Patet
1037 1801 1117 1842 hoc
1147 1805 1240 1856 (per
1262 1803 1387 1857 Prop.
1409 1802 1511 1843 LII.
1533 1802 1627 1843 Lib.
1649 1802 1718 1854 L).
1779 1800 1924 1854 Expo-

221 1881 373 1915 nantur
401 1874 538 1930 itaque
560 1874 625 1914 hae
645 1874 878 1915 velocitates
898 1888 973 1929 per
992 1874 1287 1928 perpendicula
1306 1874 1377 1915 illa
1403 1874 1448 1916 D
1472 1874 1522 1924 E,
1544 1873 1575 1917 d
1592 1888 1639 1923 e;
1669 1873 1802 1929 sitque
1822 1871 1866 1913 D
1889 1870 1925 1912 F

220 1946 412 1988 velocitas
447 1961 571 2002 quam
599 1947 773 2002 acquirit
801 1947 845 1987 in
874 1947 919 1988 D
949 1946 1135 1988 cadendo
1155 1947 1208 1988 de
1230 1947 1267 1989 B
1286 1948 1330 1988 in
1349 1947 1487 1988 medio
1516 1946 1742 1989 resistente.
1804 1944 1862 1986 Et
1890 1943 1927 1984 si

221 2026 364 2060 centro
387 2019 423 2060 C
443 2026 485 2060 et
512 2019 729 2060 intervallo
761 2019 797 2060 C
820 2019 856 2060 F
886 2018 1142 2060 describatur
1172 2019 1348 2061 circulus
1381 2020 1416 2061 F
1436 2019 1458 2060 f
1472 2018 1525 2060 M
1554 2032 1774 2060 occurrens
1805 2015 1926 2058 rectis

222 2088 251 2129 d
271 2104 294 2129 e
314 2098 354 2129 et
376 2089 421 2129 A
439 2089 475 2130 B
495 2089 538 2129 in
558 2088 581 2129 f
593 2097 634 2130 et
656 2089 721 2139 M,
757 2088 800 2144 (¹)
823 2089 901 2130 erit
931 2088 984 2130 M
1012 2089 1127 2131 locus
1157 2090 1210 2131 ad
1240 2105 1363 2146 quem
1392 2089 1587 2145 deinceps
1616 2090 1703 2132 sine
1731 2087 1926 2131 ulteriore

222 2158 450 2200 resistentia
471 2159 720 2210 ascenderet,
743 2166 783 2200 et
803 2159 832 2200 d
850 2158 873 2199 f
885 2159 1078 2201 velocitas
1099 2175 1223 2216 quam
1243 2161 1473 2217 acquireret
1491 2161 1535 2202 in
1561 2161 1602 2203 d.
1656 2160 1783 2203 Unde
1802 2159 1926 2202 etiam

224 2231 258 2272 si
279 2231 315 2272 F
333 2247 362 2288 g
377 2231 564 2288 designet
578 2231 803 2273 velocitatis
822 2239 1079 2273 momentum
1097 2233 1209 2289 quod
1229 2247 1378 2289 corpus
1398 2234 1443 2276 D
1463 2233 1734 2275 describendo
1749 2231 1926 2289 spatium

223 2317 346 2358 quam
367 2303 583 2345 minimum
603 2304 647 2345 D
668 2304 710 2354 d,
732 2318 785 2346 ex
804 2303 1035 2346 resistentia
1055 2305 1182 2346 medii
1201 2306 1350 2347 amittit
1361 2321 1373 2356 ;
1403 2314 1444 2347 et
1464 2313 1648 2347 sumatur
1670 2305 1707 2347 C
1727 2305 1771 2346 N
1789 2317 1927 2360 aequa-

222 2374 272 2416 lis
295 2375 332 2416 C
350 2390 402 2431 g:
436 2375 513 2417 erit
534 2376 576 2417 N
595 2375 709 2418 locus
731 2376 784 2417 ad
804 2390 926 2433 quem
956 2391 1104 2431 corpus
1133 2377 1327 2433 deinceps
1359 2378 1446 2419 sine
1474 2377 1668 2419 ulteriore
1697 2375 1926 2418 resistentis

224 2447 472 2498 ascenderet,
495 2455 536 2489 et
557 2448 609 2489 M
630 2449 673 2490 N
693 2450 771 2490 erit
791 2449 1100 2491 decrementum
1129 2449 1320 2491 ascensus
1342 2464 1395 2491 ex
1414 2449 1638 2491 velocitatis
1667 2448 1775 2490 illius
1804 2448 1927 2490 amis-

225 2520 339 2561 sione
359 2519 593 2561 oriundum.
654 2521 724 2562 Ad
754 2521 781 2562 d
802 2521 826 2562 f
852 2521 1091 2564 demittatur
1118 2522 1459 2578 perpendiculum
1490 2522 1526 2563 F
1544 2536 1599 2572 m,
1631 2529 1674 2563 et
1700 2520 1926 2563 velocitatis

223 2589 268 2631 D
291 2590 327 2631 F
361 2589 668 2631 decrementum
702 2591 738 2632 F
755 2607 786 2648 g
816 2607 841 2632 a
869 2592 1097 2634 resistentia
1127 2593 1173 2635 D
1196 2578 1238 2635 K
1268 2593 1468 2651 genitum,
1504 2593 1582 2634 erit
1614 2592 1668 2634 ad
1701 2591 1927 2635 velocitatis

224 2660 408 2717 ejusdem
427 2661 730 2712 incrementum
749 2662 827 2703 sm
846 2678 871 2703 a
889 2663 931 2704 vi
954 2663 990 2705 C
1010 2663 1054 2706 D
1075 2665 1273 2720 genitum,
1295 2672 1341 2705 ut
1360 2663 1420 2705 vis
1439 2677 1640 2719 generans
1669 2663 1715 2705 D
1737 2663 1782 2706 K
1801 2661 1852 2719 (¹²)
1865 2661 1943 2705 αἶ’

225 2789 338 2821 fimum
352 2800 458 2822 arcum
475 2801 567 2831 quem
583 2801 694 2830 corpus
708 2790 741 2821 in
764 2789 866 2821 medio
888 2800 951 2821 non
972 2791 1062 2821 resis-
1104 2791 1186 2821 enim
1212 2789 1402 2822 velocitatem
1424 2791 1549 2820 haberet
1575 2799 1686 2829 corpus
1709 2789 1743 2820 in
1769 2789 1812 2827 D,
1842 2798 1879 2826 nc
1901 2786 1929 2819 si

226 2836 309 2862 tente
324 2833 493 2864 oscillando
508 2832 652 2864 describit
670 2833 704 2863 in
718 2832 795 2864 duas
814 2839 915 2872 partes
929 2834 1062 2873 aequales
1104 2833 1221 2864 seclusa
1249 2833 1333 2863 omni
1361 2831 1528 2863 resistentia
1566 2832 1761 2871 percurrisset
1794 2828 1928 2872 spadum

226 2872 348 2904 dividit.
1107 2876 1132 2906 C
1152 2876 1178 2906 F
1191 2894 1234 2900 —
1253 2876 1279 2907 C
1296 2875 1337 2910 D,
1365 2880 1396 2905 et
1416 2873 1486 2905 ideo
1509 2876 1577 2913 (per
1597 2873 1691 2905 modo
1707 2871 1927 2911 demensum)

270 2916 315 2958 (⁸)
334 2919 350 2937 ⁴
371 2917 414 2951 Et
435 2919 492 2949 erit
511 2919 537 2950 C
547 2919 581 2949 D
603 2924 639 2950 ut
660 2918 703 2950 vis
716 2930 735 2949 a
746 2919 895 2958 gravitate
915 2919 1058 2955 oriunda,
1102 2917 1135 2948 in
1150 2918 1218 2949 loco
1232 2917 1252 2948 d
1267 2918 1390 2949 haberet
1404 2916 1592 2948 velocitatem
1607 2916 1629 2947 d
1643 2916 1666 2954 f,
1688 2921 1720 2947 et
1739 2917 1774 2948 in
1794 2915 1864 2949 loeo
1886 2914 1927 2946 M

227 2957 282 2987 διο.
307 2964 390 2997 patet
405 2969 459 2998 per
473 2959 639 2990 demonstr.
662 2960 754 3000 Prop.
773 2959 833 2990 LI.
850 2959 923 2990 Lib.
944 2959 971 2990 1.
1103 2960 1232 2991 nullam.

271 2999 318 3040 (¹²)
337 3003 353 3020 ¹*
376 3003 477 3035 Quam
500 3004 586 3033 habet
610 3004 656 3034 vis
681 3004 715 3034 in
734 3004 768 3034 D
790 3005 831 3032 ad
850 3003 909 3033 vim
927 3004 1059 3042 gravita-
1148 3001 1194 3044 (ἵ)
1212 3004 1229 3022 ¹*
1247 3003 1299 3033 Aa
1319 3003 1381 3033 vim
1402 3008 1599 3041 generantem
1623 3002 1704 3034 CD.
1742 3001 1833 3042 Sunt
1845 2997 1930 3030 enim

227 3041 275 3078 tis,
291 3051 345 3081 per
363 3043 434 3074 Cor.
456 3047 483 3074 1-
504 3044 595 3084 Prop.
615 3045 676 3075 L1.
695 3049 726 3074 et
739 3050 802 3075 not.
819 3047 889 3075 462.
918 3044 986 3074 Lib.
1010 3044 1036 3074 Ι.
1102 3044 1297 3075 νεὶοοίωωιῄ
1321 3043 1471 3075 elementa
1501 3043 1573 3075 dato
1600 3042 1744 3083 temporis
1770 3047 1929 3074 momento

272 3083 312 3125 (¹)
330 3085 347 3103 '⁸
365 3086 439 3116 Erit
461 3087 503 3116 M
520 3088 603 3118 locus
618 3088 660 3117 ad
672 3087 780 3128 quem,
807 3086 861 3117 &c.
906 3085 1060 3117 Eamdem
1102 3086 1215 3131 genita,
1230 3093 1267 3118 ut
1280 3086 1357 3117 vires
1371 3092 1550 3127 generantes
1566 3089 1633 3128 (18.
1650 3085 1721 3117 Lib.
1742 3083 1799 3124 1.)-
