2066 3548
108 229 256 271 Lau-:n
277 230 495 283 Samum]
538 231 859 274 PRINCIPIA
890 231 1385 279 MATHEMATICA.
1731 246 1814 286 257

100 337 401 386 frustum'illud
422 345 663 388 secundum‘.
726 346 922 388 Frustum
951 347 1078 405 igitur
1107 349 1135 390 d
1157 364 1179 391 e
1199 349 1264 407 fg
1290 351 1398 393 inter
1429 366 1580 393 conum
1611 354 1652 395 A
1672 354 1701 396 d
1722 370 1745 397 e
1773 364 1816 398 et

98 414 276 456 frustum
295 415 318 455 f
330 415 359 456 h
379 415 393 456 i
412 431 443 473 g
462 417 749 472 comprimitur
777 418 983 474 utrinque,
1018 428 1060 461 et
1087 428 1310 475 propterea
1337 425 1429 477 (per
1451 422 1592 465 Corol.
1614 430 1653 466 6.
1687 425 1813 482 Prop.

99 486 250 540 XIX.)
278 487 455 545 figuram
475 504 590 530 suam
610 482 772 531 servare
791 491 946 546 nequit,
969 491 1048 532 nisi
1066 492 1108 533 vi
1128 493 1274 535 eadem
1294 494 1591 549 comprimatur
1611 496 1810 554 undique.

102 558 263 601 Eodem
295 560 422 618 igitur
454 561 612 617 impetu
628 576 730 618 „quo
758 563 962 617 premitur
987 564 1031 604 in
1061 565 1357 619 superficiebus
1378 566 1406 607 d
1427 582 1463 617 e,
1484 566 1560 624 fg,
1597 567 1814 610 conabitur

97 630 245 673 cedere
265 632 319 674 ad
336 632 466 675 latera
493 633 522 675 d
540 632 568 684 f,
601 649 624 676 e
642 649 694 691 g;
727 634 881 691 ubique
913 634 1026 691 (cum
1054 636 1237 694 rigidum
1257 654 1342 681 non
1372 639 1436 691 sit,
1469 640 1543 683 sed
1571 641 1812 684 omnimodo

82 1822 275 1876 fluidum)
306 1831 500 1865 excurret
517 1837 566 1864 ac
586 1822 836 1874 dilatabitur,
867 1823 949 1865 nisi
965 1823 1141 1865 fluidum
1161 1824 1348 1865 ambiens
1369 1823 1488 1874 adsit,
1521 1839 1605 1880 quo
1625 1834 1801 1869 conatus

82 1894 160 1937 iste
181 1895 437 1938 cohibeatur.
481 1895 665 1938 Proinde
685 1902 837 1937 conatu
857 1895 1119 1946 excurrendi,
1140 1903 1303 1951 premet
1316 1903 1399 1937 tam
1420 1895 1594 1938 fluidum
1612 1898 1801 1940 ambiens
1818 1885 1822 1890 .

30 2008 35 2014 ,
82 1965 138 2006 ad
156 1965 289 2006 latera
308 1966 337 2006 d
357 1965 384 2016 f,
408 1981 431 2007 e
450 1981 480 2022 g
499 1981 624 2021 quam
643 1965 823 2007 frustum
843 1965 865 2006 f
877 1981 905 2022 g
924 1965 954 2006 h
974 1966 987 2006 i
1008 1966 1155 2007 eodem
1174 1966 1359 2020 impetu3
1380 1973 1423 2007 et
1440 1975 1665 2020 propterea
1682 1983 1801 2023 pres-

82 2037 146 2077 sio
174 2050 260 2076 non
292 2036 430 2076 minus
450 2036 749 2092 propagabitur
768 2051 793 2076 a
811 2036 1007 2077 lateribus
1028 2036 1057 2076 d
1075 2035 1103 2086 f,
1126 2051 1150 2077 e
1168 2051 1198 2092 g
1217 2036 1260 2076 in
1282 2036 1415 2090 spatia
1435 2035 1479 2078 N
1500 2036 1554 2087 O,
1579 2038 1623 2080 K
1649 2039 1682 2080 L
1702 2039 1801 2081 hinc

81 2106 192 2156 inde,
215 2120 339 2162 quam
358 2114 611 2162 propagatur
631 2121 656 2146 a
675 2105 891 2160 superficie
909 2104 973 2162 fg
992 2119 1134 2154 versus
1157 2105 1194 2146 P
1214 2105 1271 2154 Q.
1333 2105 1391 2155 Q.
1412 2120 1448 2147 e.
1471 2105 1512 2147 d.

322 2256 699 2316 P'ROPOSITIO
729 2273 879 2315 XLII.
939 2273 1301 2316 THEOREMA
1332 2273 1563 2316 XXXIII.

79 2392 218 2434 Motus
251 2393 376 2434 omnis
402 2407 481 2447 per
496 2394 676 2450 fluidum
702 2400 954 2448 propagatus
989 2395 1162 2450 divergit
1191 2408 1218 2434 a
1248 2398 1357 2435 ‘recto
1387 2396 1549 2436 tramite
1582 2396 1626 2435 in
1659 2397 1796 2449 ,spatia

854 2468 1025 2509 immota.

139 2589 232 2630 Cas.
257 2593 294 2629 1.
337 2588 598 2645 Propagetur
628 2595 764 2628 motus
784 2602 810 2628 a
827 2596 984 2642 puncto
1012 2588 1052 2630 A
1082 2603 1157 2643 per
1186 2588 1372 2629 foramen
1404 2588 1441 2630 B
1465 2583 1514 2639 C',
1549 2596 1792 2644 pergatque,
1871 2604 1873 2606 ·

79 2658 114 2700 si
133 2657 226 2699 fieri
244 2665 393 2712 potest,
424 2659 469 2699 in
489 2658 623 2714 spatio
643 2658 789 2699 conico
821 2658 858 2699 B
881 2658 917 2700 C
940 2658 983 2708 Q
1005 2659 1054 2709 P,
1091 2658 1319 2700 secundum
1346 2659 1475 2700 lineas
1505 2666 1637 2700 rectas
1657 2659 1795 2701 diver-

76 2734 222 2785 gentes
242 2743 268 2769 a
286 2736 443 2782 puncto
463 2731 517 2771 A.
578 2729 635 2771 Et
654 2743 858 2785 ponamus
884 2730 1020 2784 primo
1047 2729 1161 2786 quod
1190 2731 1240 2785 (⁸)
1262 2738 1398 2771 motus
1419 2730 1496 2770 iste
1517 2729 1570 2770 sit
1588 2729 1795 2771 undarum

76 2799 122 2840 in
144 2797 363 2853 superficie
400 2796 626 2858 stagnantis
660 2814 791 2856 aquae.
854 2800 1027 2857 Sintque
1060 2801 1089 2842 d
1110 2816 1146 2851 e,
1168 2800 1245 2858 fg,
1267 2800 1297 2841 h
1316 2792 1343 2850 i,
1371 2799 1448 2850 kl,
1480 2800 1556 2840 &c.
1587 2798 1794 2842 undarum

121 2910 167 2954 (⁸)
185 2912 290 2942 Motus
304 2913 360 2943 iste
373 2914 412 2944 sit
426 2916 599 2949 undarum.
614 2915 670 2945 8εο-
698 2914 756 2945 Vis
770 2914 917 2955 quaeh‘bet
958 2921 1021 2946 tem
1035 2914 1224 2955 replendam,
1240 2913 1353 2954 partim
1367 2913 1400 2943 in
1415 2914 1539 2954 plagam
1561 2914 1732 2954 oppositum
1745 2914 1792 2945 fe-

78 2954 224 2986 deorsum
239 2953 356 2984 directa
369 2954 402 2984 in
418 2957 612 2995 superficiem
635 2957 806 2997 stagnantis
827 2968 916 2998 aquae
958 2965 1053 2995 retur,
1077 2965 1108 2988 et
1129 2958 1284 2988 celeritate
1295 2956 1434 2987 cadendo
1448 2956 1595 2997 acquisita
1609 2967 1719 2988 novam
1740 2967 1791 2988 m-

77 3002 151 3038 agat
163 2996 197 3026 in
213 2997 251 3031 A,
268 3002 299 3026 et
308 2996 437 3028 cavitate
447 2997 538 3035 faeta,
554 3006 645 3040 cogat
656 3010 768 3040 aquam
781 2999 915 3030 circum·
959 3001 1081 3031 vitatem
1097 3000 1252 3036 formabit,
1268 3006 1360 3039 atque
1370 2998 1414 3029 ita?⁴
1425 2998 1569 3038 deinceps
1580 2999 1674 3030 undae
1686 3005 1791 3030 motus

77 3049 200 3080 quaque
215 3038 388 3075 ascendere,
404 3050 484 3080 aqua
497 3041 613 3073 elevata
622 3042 651 3071 vi
667 3042 798 3081 propriae
812 3043 912 3083 gravi·
955 3053 1010 3082 per
1032 3043 1237 3073 successivum
1261 3051 1422 3072 ascensum
1436 3047 1467 3073 et
1481 3042 1664 3073 descensum
1677 3051 1788 3082 propa-

77 3081 148 3112 tatis
162 3081 379 3113 descendendo
392 3082 502 3122 partim
517 3083 626 3115 refluet
640 3085 673 3115 in
688 3086 729 3123 A,
745 3084 786 3115 ad
800 3085 913 3116 cavita-
952 3086 1079 3126 gabitur
1093 3086 1127 3115 in
1141 3086 1258 3115 orbem.

126 3136 205 3167 Vox..
226 3137 275 3168 11.
924 3141 955 3171 R.
