2066 3548
136 254 280 296 met
302 253 521 303 Suetium]
571 245 904 294 ‘PRINCIPIA
942 246 1432 291 MATHEMATICA.

1773 251 1828 293 57

188 366 320 408 Coml.
341 370 382 406 6.
426 362 544 405 Hinc
563 377 617 404 ex
649 362 749 404 dato
780 367 965 416 tempore
996 359 1119 401 datur
1147 358 1325 415 spatium
1353 370 1526 399 ascensu
1543 355 1610 397 vel
1629 354 1828 398 descensu

131 435 395 490 descriptum.
455 433 567 474 Nam
587 432 770 488 corporis
788 431 833 472 in
852 430 1062 472 infinitum
1081 429 1368 472 descendentis
1387 428 1510 470 datur
1527 426 1721 469 velocitas
1739 440 1828 467 ma-

128 507 240 548 xima
255 509 347 561 (per
364 504 504 547 Corol.
521 510 561 546 2.
578 513 619 546 et
639 511 678 546 3.
700 503 855 545 Theor.
870 503 948 544 VI.
965 502 1060 545 Lib.
1076 502 1153 554 ΙΙ.)
1171 503 1223 558 (“)
1239 502 1415 557 indeque
1430 501 1552 542 datur
1566 507 1729 554 tempus
1744 512 1828 554 quo

128 593 278 634 corpus
306 578 563 620 velocitatem
582 576 696 617 illam
716 576 760 616 in
780 576 912 631 spatio
941 590 1026 616 non
1055 575 1270 617 resistente
1304 573 1491 616 cadendo
1522 579 1660 628 posset
1689 570 1830 626 acqui-

127 663 231 691 rere.
291 647 348 689 Et
367 646 569 689 sumendo
597 654 795 687 sectorem
821 646 859 687 A
880 645 924 687 D
946 645 988 686 T
1006 645 1071 687 vel
1092 645 1132 686 A
1155 644 1199 686 D
1219 652 1237 685 t
1256 643 1310 686 ad
1328 643 1579 700 triangulum
1600 642 1641 683 A
1661 641 1705 683 D
1728 640 1764 682 C
1784 640 1829 680 in

126 720 284 762 ratione
309 719 505 773 temporis
543 716 628 759 dati
647 717 702 758 ad
726 725 888 771 tempus
907 716 1034 757 modo
1052 716 1287 764 inventum3
1319 715 1371 769 (¹)
1388 714 1553 756 dabitur
1572 720 1659 754 tum
1678 711 1828 752 veloci-

126 798 190 831 tas
225 789 318 830 AP
346 788 411 828 vel
442 788 544 842 Ap,
579 787 630 842 (¹)
652 795 740 828 tum
760 801 855 827 area
882 786 922 827 A
945 785 982 827 B
1003 785 1046 826 N
1070 785 1111 826 K
1140 784 1205 826 vel
1240 785 1281 826 A
1302 784 1449 833 Bnk‚
1485 784 1536 839 (²)
1558 797 1651 839 quae
1683 789 1745 824 est
1774 781 1828 822 ad

127 869 326 904 sectorem
343 860 387 901 -A
408 860 453 901 D
474 859 516 900 T
534 859 598 901 vel
619 859 660 900 A
681 859 726 900 D
746 866 764 899 t
791 866 838 899 ut
867 857 1043 912 spatium
1073 857 1289 912 quaesitum
1309 856 1361 897 ad
1383 855 1571 909 spatium,
1593 853 1705 910 quod
1725 863 1826 895 tem-

126 1016 283 1047 resistente
303 1021 439 1055 tempore
466 1016 498 1046 A
513 1020 528 1046 t
544 1016 576 1046 D
602 1014 820 1056 extinguenda,
847 1019 893 1045 est
913 1013 953 1044 ad

126 1059 317 1090 velocitatem
338 1058 447 1089 eodem
467 1063 604 1096 tempore
617 1058 652 1088 in
664 1057 762 1097 spatio
780 1066 844 1086 non
865 1056 953 1087 resis-

87 1136 90 1147 .
127 1107 212 1132 tente
234 1099 475 1142 extinguendam
499 1106 536 1130 ut
552 1099 744 1141 triangulum
771 1100 803 1129 A
818 1109 839 1138 p
856 1099 889 1129 D
914 1097 955 1129 ad

128 1149 276 1174 sectorem
293 1143 324 1173 A
339 1148 353 1173 t
369 1143 422 1180 D;
446 1148 478 1173 et
498 1142 590 1173 etiam
604 1148 642 1173 ut
657 1148 779 1181 tempus
792 1150 856 1181 quo
868 1140 952 1171 velo-

126 1185 202 1216 citas
217 1186 248 1215 A
263 1195 284 1224 p
298 1184 331 1214 in
345 1185 443 1224 spatio
463 1194 525 1214 non
547 1184 704 1215 resistente
724 1183 955 1223 extingueretur

125 1227 167 1257 ad
191 1233 313 1265 tempus
338 1228 367 1257 A
383 1234 397 1257 t
413 1227 446 1257 D
467 1236 530 1266 quo
543 1226 638 1257 altera
650 1226 795 1256 velocitas
809 1226 842 1255 in
857 1225 955 1264 spatio

126 1279 190 1299 non
205 1269 362 1299 resistente
376 1269 567 1309 extinguitur
580 1268 665 1309 quod
675 1269 758 1298 idem
773 1274 818 1298 est
832 1277 904 1297 cum
919 1277 957 1297 eo

127 1321 190 1351 quo
210 1310 353 1342 velocitas
377 1311 407 1341 A
422 1321 444 1350 p
464 1311 498 1340 in
519 1311 616 1349 spatio
629 1310 786 1340 resistente
800 1309 954 1351 extingui-

125 1358 187 1383 tur.
237 1353 342 1389 Quare
355 1358 477 1391 tempus
491 1362 553 1392 quo
561 1353 705 1383 velocitas
723 1353 752 1382 A
765 1362 792 1390 p,
810 1351 842 1381 in
857 1352 956 1390 spatio

125 1405 191 1425 non
210 1395 370 1426 resistente
383 1400 574 1425 evanesceret
588 1401 633 1425 est
647 1394 686 1425 ad
699 1400 822 1432 tempus
845 1395 875 1423 A
890 1401 905 1423 t
922 1394 954 1424 D

125 1447 189 1477 quo
214 1437 247 1467 in
268 1437 366 1476 spatio
387 1437 543 1467 resistente
567 1436 797 1476 extingueretur
810 1441 847 1465 ut
861 1435 955 1465 trian-

126 1479 239 1519 gulum
257 1479 288 1509 A
300 1489 321 1518 p
334 1479 378 1516 D,
394 1478 433 1509 ad
449 1484 597 1509 sectorem
615 1480 645 1508 A
661 1484 675 1508 t
691 1478 734 1514 D,
749 1477 812 1506 sive
826 1483 957 1517 tangens

130 1522 160 1552 A
175 1531 197 1560 p
218 1522 257 1552 ad
277 1521 350 1562 'ejus
371 1530 478 1551 arcum
497 1521 526 1551 A
541 1526 563 1550 t.
612 1520 703 1551 Patet
724 1517 799 1560 ergo
819 1518 956 1558 proposi-

56 1584 59 1585 ν
125 1570 205 1594 tum.

168 1632 220 1661 93.
245 1627 334 1658 Hinc
347 1632 472 1666 tempus
485 1636 548 1667 quo
562 1636 674 1666 corpus
682 1625 873 1657 velocitatem
889 1626 921 1657 A
932 1637 954 1667 p

124 1671 159 1700 in
182 1669 285 1701 medio
305 1669 462 1701 resistente
484 1668 677 1699 ascendendo
691 1669 829 1699 amittere
843 1675 951 1707 potest,

124 1718 171 1744 est
190 1712 231 1743 ad
251 1718 374 1751 tempus
393 1721 456 1752 quo
476 1711 666 1742 velocitatem
687 1712 855 1741 maximam
878 1712 907 1742 A
926 1712 952 1743 C

126 1755 161 1785 in
182 1754 280 1794 spatio
304 1764 368 1784 non
396 1754 552 1784 resistente
580 1753 775 1784 ascendendo
802 1753 954 1784 amitteret

124 1796 175 1828 vel
199 1795 412 1827 descendendo
430 1795 599 1836 acquireret
623 1802 660 1826 ut
680 1801 778 1826 sector
798 1795 954 1826 circularis

130 1837 510 1879 AtD,ndtriangulum
528 1837 558 1868 A
576 1837 661 1875 Dc,
678 1839 955 1869 seuutarcusAt

124 1881 165 1912 ad
179 1881 301 1912 radium
319 1881 350 1911 A
367 1881 410 1911 D.
458 1880 544 1911 Nam
557 1880 590 1911 in
602 1879 704 1911 medio
718 1889 782 1911 non
796 1880 955 1912 resistente

124 1924 269 1954 velocitas
285 1924 315 1954 A
324 1933 346 1962 p
359 1929 406 1953 est
419 1921 459 1953 ad
473 1922 666 1953 velocitatem
682 1922 713 1953 A
728 1922 765 1959 C,
781 1929 818 1953 ut
832 1929 955 1962 tempus

128 1966 160 1996 A
175 1977 196 2006 p
216 1966 257 2002 D,
279 1975 342 2005 quo
360 1971 525 2006 generatur
537 1964 586 1995 vel
600 1964 792 2006 extinguitur
811 1965 955 1996 velocitas

127 2009 160 2039 A
168 2018 200 2047 p,
212 2007 252 2038 ad
261 2013 383 2047 tempus
393 2017 456 2048 quo
466 2013 631 2048 generatur
640 2008 689 2038 vel
701 2007 892 2048 extinguitur
903 2018 954 2039 ve-

124 2075 232 2107 iocim
254 2074 341 2113 Ac,
363 2052 705 2116 quodproindeeritA
724 2050 891 2141 Οζὲῐ)
908 2051 954 2115 D,

126 2143 292 2218 {eunio}
323 2142 358 2174 D
389 2146 423 2180 Χ
458 2143 490 2174 A
518 2142 556 2180 C,
585 2144 646 2174 hoc
672 2149 728 2186 est,
764 2143 957 2186 triangulum

169 2253 253 2284 Cum
267 2251 363 2293 igitur
376 2257 499 2290 tempus
512 2261 576 2292 quo
590 2252 735 2283 velocitas
752 2253 782 2284 A
797 2264 828 2293 p,
843 2253 877 2284 in
890 2264 957 2287 me-

124 2295 178 2326 dio
191 2294 349 2326 resistente
362 2293 565 2334 extinguitur,
590 2301 764 2334 exponatur
783 2306 839 2336 per
858 2303 956 2328 secto-

123 2346 191 2369 rem
206 2338 238 2368 A
253 2342 268 2368 t
285 2337 328 2374 D,
345 2342 429 2376 patet
442 2336 644 2376 propositum.

166 2408 218 2438 94.
256 2404 397 2444 Tempus
415 2413 481 2444 quo
499 2412 614 2444 corpus
626 2404 661 2437 in
674 2404 779 2436 medio
798 2406 958 2439 resistente

126 2445 341 2480 descendendo
351 2445 480 2487 acquirit
487 2445 683 2478 velocitatem
696 2447 727 2478 A
742 2448 779 2484 P,
791 2448 842 2479 vel
851 2446 956 2481 ascen·

124 2488 228 2520 dendo
254 2488 370 2520 amittit
388 2487 581 2519 velocitatem
604 2491 636 2520 A
649 2500 681 2529 p,
706 2496 754 2521 est
773 2490 814 2522 ad
835 2497 958 2531 tempus

123 2541 188 2572 quo
207 2531 339 2563 eandem
351 2530 548 2562 velocitatem
561 2531 595 2562 in
605 2532 709 2563 medio
721 2543 787 2564 non
800 2533 957 2566 resistente

124 2573 256 2614 acquirit
268 2573 318 2605 vcl
330 2572 454 2611 mittit,
469 2578 507 2605 ut
519 2579 618 2604 sector
634 2575 666 2605 A
678 2575 712 2605 D
725 2575 764 2613 T,
781 2575 830 2606 vel
846 2579 877 2606 A
889 2576 922 2607 D
932 2583 954 2613 t,

124 2614 371 2656 adtriangulum
394 2615 476 2646 AD
494 2614 532 2651 P,
553 2616 603 2647 vel
626 2617 659 2647 A
676 2617 756 2657 Dp,
778 2618 951 2657 respective.

127 2658 256 2689 Etenim
277 2659 346 2699 (per
363 2657 434 2688 Cor.
449 2659 478 2688 5.
497 2664 529 2689 et
541 2664 606 2689 uot-
626 2659 692 2699 93.)
708 2666 832 2700 tempus
845 2670 908 2702 quo
921 2661 955 2692 in

125 2699 230 2730 medio
242 2699 399 2730 resistente
411 2706 578 2740 generatur
585 2700 730 2733 velocitas
745 2702 778 2733 A
789 2703 828 2739 P,
843 2702 894 2733 vel
903 2713 956 2734 ex-

126 2742 280 2791 tinguitur
301 2741 445 2790 velocitas
471 2743 503 2775 A
526 2753 557 2782 p,
582 2749 630 2776 est
650 2744 691 2775 ad
704 2750 827 2786 tempus
839 2755 903 2786 quo
918 2743 957 2777 'in

126 2791 225 2823 spatio
247 2793 311 2814 non
329 2790 487 2832 resistente
508 2792 672 2826 generatur
695 2787 745 2819 vel
766 2787 957 2829 extinguitur

126 2826 271 2857 velocitas
291 2835 428 2856 maxima
452 2828 481 2857 A
502 2828 539 2864 C,
562 2834 599 2858 ut
621 2829 750 2860 ADT
771 2830 958 2869 velADt,

127 2868 168 2898 nd
184 2869 216 2899 A
235 2869 268 2899 D
287 2867 334 2905 C;
358 2873 390 2898 et
409 2874 531 2910 tempus
551 2880 614 2911 quo
631 2871 780 2911 inspatio
794 2882 857 2902 non
871 2873 960 2904 resis-

127 2917 213 2943 tente
235 2916 402 2951 generatur
424 2910 473 2941 vel
494 2912 686 2953 extinguitur
707 2913 850 2944 velocitas
875 2916 904 2946 A
921 2916 959 2953 C,

128 2958 175 2983 est
195 2952 235 2984 ad
257 2959 380 2994 ternpus
392 2961 455 2992 quo
467 2961 634 2993 generatur
648 2956 695 2986 vel
711 2956 903 2996 extinguitur
923 2957 957 2988 in

125 2995 235 3026 eodem
255 2994 354 3036 spatio
374 3003 437 3025 non
458 2995 626 3035 resistente,
651 2997 794 3028 velocitas
813 2999 842 3029 A
860 2999 889 3030 P
910 3001 957 3031 vel

999 1013 1127 1052 Ap‚ut
1146 1012 1174 1041 A
1193 1010 1431 1042 CadAPvel
1450 1011 1523 1049 Ap,
1547 1014 1579 1040 et
1598 1006 1721 1047 sumpta
1741 1017 1827 1038 com-

994 1055 1084 1086 muni
1103 1053 1266 1086 altitudine
1289 1053 1323 1084 D
1340 1055 1370 1084 A
1393 1059 1428 1084 ut
1458 1054 1486 1083 A
1504 1053 1537 1083 D
1555 1050 1681 1083 CadA
1697 1047 1830 1079 PDvel

1001 1099 1031 1129 A
1048 1108 1070 1137 p
1088 1098 1131 1128 D.
1180 1096 1287 1132 Quare
1308 1097 1361 1137 (ex
1377 1095 1480 1136 aequo)
1502 1100 1625 1133 tempus
1638 1103 1701 1133 quo
1713 1096 1747 1123 ln
1761 1102 1828 1122 me-

995 1140 1048 1171 dio
1067 1139 1226 1170 resistente
1247 1144 1411 1179 generatur
1431 1136 1576 1168 velocitas
1600 1139 1630 1166 A
1648 1135 1686 1172 P,
1708 1135 1758 1165 vel
1772 1144 1826 1164 ex-

995 1182 1149 1223 tinguitur
1161 1181 1306 1211 velocitas
1322 1180 1352 1211 A
1367 1191 1399 1220 p,
1418 1186 1464 1210 est
1477 1179 1517 1210 ad
1530 1184 1652 1217 tempus
1665 1187 1728 1218 quo
1742 1176 1828 1207 velo-

997 1225 1072 1255 citas
1097 1224 1204 1254 eadem
1219 1223 1252 1252 in
1267 1222 1365 1262 spatio
1386 1232 1449 1252 non
1469 1221 1626 1252 resistente
1646 1218 1827 1258 producitur

998 1261 1823 1345 &dmgffl‘m'mADTadADP’velADP‘

1059 1318 1085 1339 e.
1124 1329 1133 1338 .

1040 1367 1092 1396 95.
1126 1363 1159 1395 Si
1180 1362 1317 1393 celeritas
1339 1363 1372 1392 A
1386 1373 1408 1401 p
1429 1361 1561 1401 corporis
1574 1360 1607 1390 in
1622 1359 1725 1390 medio
1737 1358 1827 1390 resis-

997 1413 1081 1438 tente
1103 1404 1293 1437 ascendentis
1312 1405 1455 1434 maximae
1479 1404 1510 1433 A
1528 1403 1554 1434 C
1575 1402 1701 1443 aequalis
1722 1402 1827 1439 fuerit,

997 1444 1698 1486 eritADp=ADC,etsectorADt,
1720 1444 1827 1475 circuli

997 1497 1112 1521 octans.
1161 1490 1266 1525 Quare
1280 1495 1402 1527 tempus
1415 1497 1478 1527 quo
1492 1496 1602 1526 corpus
1615 1486 1648 1516 in
1663 1486 1765 1516 medio
1779 1497 1827 1517 re-

998 1533 1123 1563 sistente
1145 1530 1338 1562 ascendendo
1356 1530 1495 1560 aurittere
1511 1535 1615 1571 ‘potest
1635 1528 1827 1559 velocitatem

997 1575 1164 1606 maximam
1190 1574 1221 1604 A
1239 1573 1266 1604 C
1291 1578 1338 1603 est
1356 1573 1396 1603 ad
1416 1578 1539 1611 tempus
1559 1581 1622 1611 quo
1643 1570 1773 1601 eandem
1793 1571 1828 1601 in

997 1617 1096 1656 spatio
1110 1625 1174 1646 non
1188 1616 1345 1646 resistente
1366 1615 1526 1649 amitteret,
1550 1619 1587 1645 ut
1602 1613 1709 1646 circuli
1722 1618 1828 1644 octans

995 1659 1036 1690 ad
1060 1657 1253 1700 triangulum
1277 1658 1308 1687 A
1325 1657 1358 1687 D
1375 1657 1412 1692 C,
1436 1657 1496 1686 hoc
1510 1662 1564 1693 est,
1586 1662 1623 1686 ut
1637 1665 1707 1686 area
1720 1655 1828 1686 circuli

995 1701 1035 1732 ad
1056 1701 1240 1743 quadratum
1254 1698 1528 1738 circumscriptum,
1551 1709 1606 1729 seu
1621 1698 1712 1729 etiam
1728 1703 1764 1729 ut
1778 1697 1825 1729 8³·

994 1754 1064 1784 pars
1077 1742 1255 1783 peripheriae
1269 1741 1310 1773 ad
1322 1741 1453 1772 radium.

1039 1798 1084 1839 (¹⁸)
1107 1801 1160 1829 96.
1187 1795 1324 1837 Indeque
1348 1798 1441 1827 datur
1461 1801 1589 1835 tempus.
1639 1794 1723 1825 Cum
1742 1794 1828 1825 enim

995 1840 1074 1870 vires
1087 1838 1311 1870 acceleratrioes
1323 1836 1502 1873 uniformes,
1529 1837 1590 1867 sint
1603 1842 1640 1867 ut
1653 1836 1828 1868 velocitates

996 1892 1072 1924 quas
1094 1886 1244 1923 generunt
1269 1879 1383 1911 oirecte
1403 1886 1436 1911 et
1460 1886 1599 1919 tempora
1623 1878 1736 1919 quibus
1759 1879 1828 1910 illas

996 1930 1146 1966 generant
1167 1922 1285 1954 inverse
1301 1924 1367 1965 (13.
1387 1923 1458 1953 Lib.
1478 1922 1525 1962 1.)
1547 1921 1619 1952 data
1633 1921 1663 1951 vi
1677 1922 1827 1952 accelera-

996 1967 1072 1998 trice
1092 1966 1240 1997 uniformi
1255 1965 1317 2006 qua
1331 1974 1442 2005 corpus
1455 1965 1489 1995 in
1503 1963 1607 1994 medio
1620 1964 1728 2005 quovis
1742 1964 1828 1995 solli-

995 2009 1116 2046 citatur,
1126 2019 1181 2040 seu
1191 2008 1263 2039 data
1274 2008 1320 2039 vis
1329 2008 1413 2038 illius
1423 2008 1540 2038 ratione
1550 2005 1591 2036 ad
1601 2012 1706 2037 nomm
1717 2016 1828 2047 quam-

996 2052 1071 2083 IIbet
1094 2052 1187 2082 aliam
1207 2051 1271 2080 vim
1285 2060 1377 2092 v..gr.
1395 2050 1435 2081 ad
1455 2059 1618 2088 corporum
1639 2049 1828 2080 terrestrium

997 2095 1188 2135 gravitatem,
1213 2093 1344 2133 datique
1366 2092 1460 2123 simul
1484 2091 1644 2122 velocitate
1665 2101 1760 2132 quam
1782 2091 1828 2121 vis

997 2137 1052 2167 illa
1075 2135 1270 2167 acceleranix
1295 2135 1450 2174 produxit,
1474 2134 1597 2165 dabitur
1618 2139 1741 2172 tempus
1765 2143 1828 2174 quo

998 2179 1142 2209 velocitas
1163 2178 1218 2208 illa
1241 2177 1312 2208 data
1332 2177 1437 2218 genita
1457 2182 1512 2207 est.
1559 2176 1606 2207 Sit
1619 2176 1703 2206 enim
1717 2175 1762 2206 vis
1775 2185 1827 2205 ao-

998 2220 1158 2252 celeratrix
1172 2220 1244 2250 data
1257 2219 1297 2250 ad
1310 2220 1374 2250 vim
1392 2225 1498 2249 notam
1517 2218 1683 2259 gravitatis.
1706 2223 1742 2248 ut
1755 2228 1774 2248 a
1787 2217 1828 2248 ad

997 2263 1028 2299 b,
1052 2262 1197 2293 velocitas
1216 2261 1288 2292 data
1308 2262 1340 2291 vi
1359 2260 1414 2291 illa
1427 2260 1635 2291 acceleratrice
1649 2266 1786 2299 tempore
1806 2269 1828 2289 x

998 2304 1103 2346 genita
1117 2315 1144 2342 c,
1160 2311 1191 2335 et
1204 2303 1347 2335 velocitas
1360 2313 1454 2344 quam
1467 2303 1513 2334 vis
1526 2302 1682 2344 gravitatis
1691 2307 1829 2341 tempore

1697 2354 1715 2374 c
1779 2344 1807 2375 C
1825 2365 1830 2369 -

999 2372 1107 2413 quovis
1126 2372 1199 2404 dato
1218 2378 1233 2404 t
1252 2378 1379 2414 generat
1403 2372 1440 2410 C,
1464 2370 1522 2402 erit
1535 2381 1577 2402 a:

1504 2439 1526 2470 b
1540 2450 1558 2470 c
1571 2445 1586 2470 t

1512 2503 1532 2524 a
1549 2487 1593 2524 C'

1043 2547 1090 2590 (¹)
1118 2550 1136 2569 ⁴
1163 2549 1299 2580 Dabitur
1320 2554 1389 2580 tum
1410 2549 1546 2579 velocitas
1567 2548 1599 2577 A
1623 2548 1661 2583 P.
1684 2547 1729 2578 vel
1749 2547 1781 2578 A
1791 2557 1824 2587 p.

1000 2590 1079 2634 (Per
1096 2591 1168 2622 Cor.
1185 2594 1216 2622 5.
1233 2597 1264 2622 et
1277 2597 1334 2621 not
1348 2589 1418 2637 923)

1040 2646 1088 2690 (y)
1106 2649 1124 2666 ‘
1145 2648 1361 2679 TamareaA
1379 2646 1735 2679 BNKvelABnk.
1768 2644 1829 2676 Est

999 2691 1081 2721 euim
1127 2699 1166 2720 ex
1194 2689 1275 2721 dem.
1311 2690 1405 2730 Prop.
1439 2688 1560 2729 VIII.)
1590 2689 1621 2719 A
1644 2688 1671 2719 C
1697 2699 1705 2719 ε
1736 2687 1767 2718 A
1799 2688 1829 2718 P

999 2733 1095 2763 =A
1157 2733 1369 2768 :AK,etA
1392 2732 1442 2762 C:
1465 2731 1692 2770 Ap=Ap:
1713 2730 1829 2766 Ak,et

998 2773 1070 2805 ideo
1090 2774 1169 2806 datis
1194 2776 1223 2806 A
1243 2775 1270 2806 C
1285 2781 1316 2805 et
1329 2775 1359 2805 A
1382 2775 1408 2805 1>
1422 2774 1471 2804 vel
1489 2776 1518 2804 A
1533 2783 1555 2812 p
1576 2773 1731 2804 dabuntur
1748 2773 1779 2803 A
1794 2772 1828 2802 K

1000 2816 1049 2847 vel
1077 2817 1107 2847 A
1129 2817 1162 2854 k,
1188 2823 1219 2848 et
1243 2827 1322 2847 areae
1345 2816 1613 2855 correspondentes
1637 2816 1667 2845 A
1686 2815 1714 2845 B
1732 2815 1764 2845 N
1781 2815 1826 2852 K,

1003 2860 1035 2890 A
1053 2859 1082 2890 B
1097 2870 1120 2890 n
1133 2859 1165 2897 k,
1186 2870 1256 2900 quae
1275 2869 1330 2898 per
1343 2859 1487 2889 tabulasl

1002 2901 1062 2932 niri
1077 2908 1214 2941 possunt.
1235 2903 1322 2943 (384.
1342 2901 1411 2932 Lib.
1431 2901 1478 2941 Ι.)

1042 2959 1092 3001 (²)
1108 2961 1125 2979 ⁴
1147 2957 1825 2996 QuoeestadseccormADT‚ve1ADt.

1001 3001 1082 3043 (Per
1100 3002 1171 3033 Cor.
1194 3005 1220 3032 l.
1238 3006 1268 3031 et
1283 3000 1331 3041 2.)

1693 2404 1829 2439 ¹⁴.⁸.

1001 2465 1096 2498 Unde
1109 2466 1264 2498 invenitur
1276 2473 1400 2506 tempus
1413 2475 1434 2496 x
1446 2479 1493 2496 =

1562 2858 1727 2889 ‘thmorum
1742 2856 1827 2887 inve-
