2066 3548
123 305 129 307 ί
177 246 325 287 Lmen
346 243 563 298 Saeuum]
615 247 935 290 PRINCIPIA
966 249 1458 293 MATHEMATICA.

1794 261 1876 300 169

158 354 397 398 retardans.
457 356 510 398 In
530 359 741 413 superiore
764 359 1050 414 propositione
1067 359 1352 417 rectangulum
1371 361 1449 402 sub
1468 361 1578 404 recta
1600 366 1624 416 ὲ
1646 379 1672 404 a
1693 366 1730 406 B
1750 375 1792 408 et
1810 382 1876 408 ar-

173 442 296 470 cuum
324 427 491 470 illorum
526 430 562 472 C
583 431 634 482 B,
678 431 714 473 C
733 446 759 473 a
786 431 1016 473 differentia
1050 433 1091 473 A
1110 448 1135 473 a
1166 433 1336 488 aequalis
1370 441 1459 476 erat
1495 448 1604 476 areae
1637 435 1674 477 B
1704 435 1746 477 K
1779 437 1820 479 T
1838 454 1875 481 a.

428 1120 478 1158 A
493 1117 597 1156 mr

1196 1122 1294 1158 dn

166 1255 224 1297 Et
261 1268 358 1297 area
394 1253 479 1304 illa,
530 1253 565 1296 si
602 1262 767 1297 maneat
815 1254 1034 1312 longitudo
1070 1270 1096 1296 a
1130 1255 1182 1307 B,
1231 1264 1406 1314 augetur
1443 1257 1509 1300 vel
1547 1258 1790 1303 diminuitur
1832 1262 1877 1305 in

164 1327 324 1370 ratione
357 1326 579 1368 ordinatim
610 1327 907 1381 applicatarum
942 1328 987 1370 D
1020 1328 1062 1369 K
1073 1343 1085 1377 3
1120 1327 1202 1370 hoc
1235 1338 1310 1380 est,
1345 1331 1390 1371 in
1422 1332 1582 1389 ratione
1615 1334 1874 1386 resistentiae,

165 1401 216 1457 (¹²)
237 1398 415 1457 idebque
436 1405 498 1443 est
517 1405 565 1439 ut
583 1397 800 1455 longitudo
829 1414 854 1440 a
876 1399 914 1441 B
944 1407 985 1441 et
1015 1399 1246 1442 resistentia
1278 1402 1545 1458 conjunctim.
1607 1404 1875 1464 Proindeque

164 1528 308 1570 gentialis
318 1538 411 1568 supra
424 1527 645 1566 τώεῐεῐηίαιῃς
667 1527 726 1558 erit
739 1528 835 1570 igitur
850 1529 896 1560 vis
909 1540 997 1562 nece-

541 1568 737 1652 ἶὲῑΧά-ΕΒ
747 1614 791 1621 -
806 1597 840 1628 D
854 1597 898 1628 K.
926 1598 998 1630 Du.

162 1672 250 1695 catur
262 1666 330 1695 haec
351 1664 396 1694 vis
415 1663 450 1694 in
470 1664 661 1695 elementum
674 1665 765 1704 spatii
788 1665 822 1696 D
837 1665 870 1703 d,
891 1673 923 1697 et
943 1667 996 1698 fiet

163 1707 234 1739 Pc
253 1712 286 1745 Χ
307 1706 578 1744 Ee-DKx
599 1706 996 1744 Dd=vdv,siveloci-

161 1756 208 1780 tas
231 1750 266 1780 in
288 1749 359 1780 loco
381 1749 503 1780 Dsitv
520 1750 588 1790 (18,
607 1749 683 1790 19);
707 1756 740 1781 et
763 1750 846 1788 hinc,
869 1752 1000 1790 sumptis

165 1791 580 1829 flumuthwech
599 1795 633 1830 Χ
654 1792 998 1825 GE—BKD=

162 1834 264 1876 {vv-
313 1834 384 1865 Fiat
407 1835 437 1865 B
455 1834 550 1865 D=
568 1834 598 1865 B
615 1835 659 1872 A,
680 1834 931 1872 etide6v=o,
951 1843 1000 1868 at-

160 1887 222 1918 que
250 1877 1000 1916 GE=Gc—cH=GH,eterit

166 1919 196 1950 P
221 1920 300 1957 ΟΧ
321 1919 511 1951 GH-B
535 1918 571 1950 Κ
595 1920 626 1950 A
651 1920 785 1958 B=o‚
811 1931 848 1952 nc
871 1921 1000 1961 proinde

167 1961 661 2000 chGH=BKAR
706 1963 844 1999 aad.

208 2003 255 2045 (²)
275 2006 291 2023 ¹*
313 2005 419 2036 Oritur
439 2005 524 2036 enim
548 2006 718 2048 differentia
739 2007 792 2037 illa
815 2017 850 2037 eze
863 2009 1000 2038 retarda-

161 2047 244 2078 tione
254 2048 390 2086 penduli
402 2057 458 2087 per
470 2048 669 2079 resistentiam
679 2050 779 2080 medii.
812 2051 830 2068 ’¹'
849 2049 1001 2080 Dividuu-

163 2094 217 2119 tur
237 2091 360 2119 arcusa
375 2088 499 2119 duobus
519 2088 663 2128 pendulis
684 2089 827 2130 descripti
847 2091 881 2120 in
901 2097 1002 2130 partes

165 2131 409 2171 proportionales
417 2129 539 2162 infinite
545 2141 662 2170 parvas,
675 2137 707 2163 et
715 2138 816 2163 tomm
827 2132 907 2163 illud
917 2134 1001 2174 quod

164 2174 250 2204 deest
271 2173 398 2215 singulo
423 2173 518 2210 arcui,
542 2173 654 2213 poterit
674 2174 795 2214 concipi
815 2181 852 2206 ut
872 2176 1001 2208 effectus

162 2215 406 2247 retardationum
421 2226 498 2256 quas
512 2226 640 2255 corpora
660 2227 748 2256 passa
768 2222 841 2248 sunt
861 2218 999 2259 singula-

165 2268 236 2288 rum
261 2257 387 2289 illarum
408 2258 630 2297 particularum
649 2259 748 2295 initio,
773 2260 908 2299 spatium
927 2261 1000 2293 verd

163 2301 248 2341 quod
262 2308 389 2340 propter
403 2301 560 2341 singulam
573 2301 808 2333 retardationem
822 2302 933 2339 deficit.
955 2309 1002 2335 est

163 2349 201 2374 ut
224 2343 279 2374 illa
303 2342 469 2374 retardatio
498 2349 531 2374 et
557 2349 681 2383 tempus
705 2354 759 2383 per
782 2344 867 2385 quod
891 2355 1002 2385 corpus

163 2391 286 2416 motum
309 2385 374 2418 fuit
393 2391 463 2425 post
484 2385 570 2416 illam
587 2386 823 2418 retardationem
847 2394 1000 2428 receptam

164 2438 263 2468 usque
288 2428 328 2459 ad
352 2427 449 2458 finem
470 2428 687 2466 oscillationis3
717 2429 771 2460 sed
798 2430 945 2471 quoniam
966 2431 1000 2462 in

165 2470 409 2502 osculationibus
423 2476 497 2501 utut
511 2471 717 2511 inaequalibus
729 2478 868 2512 tempora
888 2474 1001 2514 quibus

164 2512 279 2544 similes
293 2523 424 2544 arcuum
437 2519 540 2552 partes
554 2513 769 2546 describuntur
777 2521 851 2546 sunt
861 2516 1000 2556 aequalia,

165 2554 200 2584 in
213 2554 316 2586 medio
329 2565 395 2586 non
414 2556 585 2594 resistente,
611 2561 643 2587 et
662 2555 695 2587 in
717 2557 821 2588 medio
844 2557 1002 2591 resistente

168 2596 276 2627 saltem
290 2597 384 2638 quam
398 2596 546 2638 proxime,
561 2597 653 2641 (180)
665 2599 762 2639 spatia
769 2610 840 2641 quae
854 2600 1002 2633 deficiunt

166 2645 290 2678 propter
303 2640 522 2672 retardationes
534 2641 568 2671 in
576 2642 853 2681 proportionalibus
866 2653 995 2675 arcuum

163 2682 304 2722 partibus
317 2689 462 2722 receptas,
477 2688 549 2715 sunt
563 2689 600 2715 ut
611 2684 674 2715 illae
685 2685 911 2717 retardationes.

210 2726 227 2743 ⁸
245 2718 318 2756 Ide&
341 2725 515 2766 differentia
539 2738 673 2759 arcuum
697 2734 741 2758 est
764 2734 802 2759 ut
829 2730 992 2761 retardatio

164 2771 240 2804 tota,
269 2766 357 2808 eiq'ue
380 2770 615 2808 proportimmlis
638 2772 807 2802 resistentia
831 2774 998 2809 retardans,

167 2808 194 2838 si
221 2809 406 2849 quantitates
432 2811 569 2841 materiae
597 2822 762 2852 corporum
793 2812 1000 2852 pendulorum

168 2850 232 2881 sint
265 2852 408 2892 aequales,
443 2854 605 2884 retardatio
640 2855 674 2885 in
708 2855 840 2896 singulis
870 2866 1001 2888 amum

167 2891 392 2933 descriptorum
414 2896 550 2934 partibus
570 2903 616 2928 est
636 2903 673 2929 ut
692 2898 862 2940 resistentia
885 2898 920 2929 in
946 2899 999 2930 iis-

169 2934 241 2966 dem
254 2936 339 2973 locis,
367 2935 422 2966 sed
444 2943 479 2968 ut
498 2938 674 2972 resistentiae
695 2946 768 2971 sunt
787 2940 821 2970 in
842 2940 915 2972 data
924 2942 1000 2982 qui-

168 2976 241 3008 dam
267 2978 338 3020 lege
363 2978 552 3011 velocitatem
577 2991 616 3012 ex
643 2983 805 3023 hypothesi
833 2989 864 3014 et
891 2983 1004 3016 veloci·

170 3025 249 3051 tates
273 3021 307 3051 in
328 3031 459 3052 arcuum
479 3023 614 3062 partibus
634 3025 910 3065 proportionalibus
930 3034 1004 3059 sunt

172 3061 207 3092 in
236 3063 355 3094 ratione
387 3063 470 3101 dats,
503 3064 574 3096 idea
602 3067 781 3098 resistentiae
809 3067 842 3098 in
874 3068 1003 3110 singulis

160 1596 286 1627 leratrix
299 1595 333 1627 in
347 1597 417 1628 loco
434 1595 468 1627 D
481 1608 527 1625 =

169 3114 300 3136 arcuum
328 3106 466 3146 partibus
487 3109 762 3147 proportionalibus
794 3116 867 3142 sunt
893 3111 926 3141 in
954 3122 1002 3143 ra-
1020 3130 1034 3143 .-

1040 1531 1124 1562 tione
1148 1531 1231 1569 dats,
1259 1542 1297 1564 ac
1320 1543 1377 1573 per
1400 1544 1591 1576 consequeus
1609 1547 1717 1569 omnes
1737 1540 1874 1571 retarda-

1041 1573 1150 1611 tiones,
1170 1580 1244 1606 sunt
1262 1575 1297 1607 in
1313 1576 1422 1607 eadem
1443 1579 1568 1615 ratione,
1591 1589 1721 1610 summae
1740 1592 1814 1624 ergo
1827 1593 1875 1613 re-

1042 1616 1251 1648 tardationum
1271 1627 1363 1649 erunt
1376 1619 1410 1650 in
1424 1619 1533 1651 eadem
1554 1622 1673 1652 ratione
1693 1622 1775 1661 data,
1802 1635 1877 1666 ergo

1041 1666 1107 1690 tota
1128 1660 1226 1699 spatia
1242 1659 1416 1693 deficientia
1440 1662 1502 1693 illis
1526 1664 1781 1696 retardationibus
1804 1662 1876 1706 'pro-

1041 1702 1225 1740 portionalia
1247 1709 1339 1734 erunt
1358 1703 1392 1734 in
1414 1703 1524 1735 effidem
1544 1707 1671 1742 ratione,
1694 1710 1875 1751 dzfferentiae

1042 1755 1110 1784 ergo
1132 1746 1214 1776 inter
1229 1757 1339 1778 arcum
1352 1748 1496 1780 descensu
1509 1750 1694 1789 descriptum
1715 1757 1746 1782 et
1765 1763 1875 1784 arcum

1041 1797 1172 1819 ascensu
1185 1789 1382 1829 subsequente
1395 1791 1580 1830 descriptum
1594 1791 1627 1821 in
1642 1792 1732 1822 variis
1745 1795 1876 1826 arcubus

1041 1830 1080 1860 ab
1095 1829 1204 1861 eodem
1217 1840 1343 1875 corpore
1357 1830 1524 1873 descriptis,
1540 1840 1612 1866 sunt
1626 1835 1661 1867 in
1670 1834 1743 1867 datd
1750 1838 1813 1876 lege
1826 1848 1875 1869 re-

1041 1874 1192 1904 sistentiae.
1262 1878 1263 1882 ’

1087 1918 1158 1946 183.
1177 1917 1195 1935 ⁰
1211 1918 1305 1948 Corol-
1323 1919 1351 1947 1.
1378 1917 1572 1950 Differentiae
1585 1929 1724 1958 armum,
1736 1927 1875 1961 respectu

1044 1967 1172 1988 arcuum
1188 1958 1337 1989 descensu
1351 1959 1572 1999 descriptorum
1584 1962 1724 1994 eamdem
1739 1974 1875 2004 sequun-

1043 2005 1097 2030 tur
1119 2000 1222 2041 legem
1241 2010 1335 2042 quam
1357 2002 1536 2034 resistentiae
1549 2010 1720 2044 sequuntur
1733 2013 1875 2046 respectu

1044 2042 1251 2074 velocitatum.
1294 2044 1328 2074 N
1328 2054 1380 2074 am
1393 2045 1468 2076 cum
1482 2052 1620 2086 tempora
1632 2047 1746 2088 quibus
1759 2059 1873 2080 corres-

1043 2084 1214 2123 pondentes
1222 2091 1253 2116 et
1263 2087 1503 2125 proportionales
1514 2098 1643 2119 arcuum
1654 2096 1753 2128 partes
1762 2091 1874 2122 descri-

1043 2127 1161 2158 buntur
1172 2127 1236 2158 sint
1250 2128 1390 2168 aequalia,
1412 2129 1588 2161 velocitates
1601 2138 1692 2163 erunt
1705 2143 1824 2173 semper
1838 2139 1876 2165 ut

1042 2168 1106 2199 illae
1129 2179 1259 2200 arcuum
1280 2177 1391 2209 partes,
1418 2171 1482 2202 sive
1502 2178 1539 2203 ut
1559 2182 1647 2203 arcus
1670 2176 1737 2212 toti,
1763 2175 1870 2218 (180.)

1042 2220 1137 2251 quam
1150 2211 1299 2251 proxime,
1315 2222 1389 2253 ergo
1402 2214 1591 2252 resistentiae,
1613 2217 1831 2248 retardationes
1843 2224 1875 2250 et

1043 2253 1224 2285 differentiae
1236 2264 1365 2286 arcuum
1376 2256 1515 2287 eamdem
1530 2257 1631 2298 legem
1643 2266 1812 2300 sequuntur
1825 2270 1874 2291 re·

1044 2301 1151 2335 spectu
1162 2306 1290 2327 arcuum
1304 2307 1341 2328 ac
1354 2305 1492 2337 respectu
1507 2299 1712 2332 velocitatum.
1852 2314 1854 2317 ·

1088 2339 1160 2370 Cor.
1175 2343 1206 2369 2.
1242 2341 1260 2359 ⁹
1276 2341 1310 2371 Si
1322 2351 1445 2380 corpora
1454 2343 1589 2381 pendula
1611 2345 1758 2386 differant
1770 2356 1873 2386 quan-

1043 2382 1128 2412 titate
1141 2383 1284 2418 materie,
1300 2382 1477 2423 differ-emite
1491 2395 1623 2416 arcuum
1635 2392 1708 2417 sunt
1722 2386 1829 2419 directe
1839 2389 1874 2421 in

1041 2425 1104 2464 lege
1128 2422 1202 2455 datii
1222 2435 1354 2456 arcuum
1367 2431 1396 2456 et
1409 2425 1525 2458 inverse
1546 2432 1582 2458 ut
1602 2431 1785 2468 quantitates
1805 2441 1873 2461 mu·

1042 2468 1149 2497 teriae:
1172 2476 1245 2497 nam
1260 2477 1297 2498 eo
1310 2467 1344 2497 in
1358 2477 1431 2499 casu
1452 2468 1669 2501 retardationes
1689 2471 1722 2500 in
1743 2471 1875 2513 singulis

1044 2518 1175 2539 arcuum
1189 2509 1325 2549 partibus
1338 2516 1411 2541 sunt
1421 2510 1534 2542 ditecte
1547 2518 1584 2542 ut
1597 2513 1774 2544 resistentiae
1784 2520 1814 2545 et
1823 2514 1872 2545 in-

1044 2550 1130 2582 verse
1150 2557 1188 2582 ut
1207 2552 1394 2593 quantitates
1419 2553 1574 2592 materiae3
1604 2564 1676 2585 nam
1706 2555 1873 2589 resistentia

1043 2599 1147 2625 motus
1156 2594 1310 2636 jacturam
1323 2593 1475 2634 producit,
1497 2606 1568 2637 quae
1581 2602 1686 2627 motus
1693 2597 1814 2638 jactum
1827 2606 1873 2631 est

1042 2636 1161 2668 factum
1182 2647 1221 2668 ex
1241 2637 1443 2670 retardatione
1463 2644 1495 2670 et
1514 2637 1615 2670 massa
1634 2639 1786 2672 retardata
1803 2643 1872 2684 (per

1041 2679 1116 2710 Des.
1134 2683 1164 2711 2.
1180 2680 1251 2712 Lib.
1272 2680 1329 2720 1.).

1086 2731 1133 2775 (⁵)
1150 2735 1167 2752 ⁰
1185 2733 1318 2775 Idefique
1331 2741 1375 2766 est
1388 2741 1423 2767 ut
1437 2737 1596 2775 longitudo
1613 2747 1633 2766 a
1648 2738 1680 2768 B
1692 2742 1722 2769 et
1734 2739 1873 2770 resisten-

1042 2777 1086 2807 tia
1108 2776 1306 2816 conjunctim.
1355 2777 1439 2808 Area
1458 2777 1512 2808 illa
1526 2778 1552 2807 si
1566 2784 1688 2818 manent
1706 2779 1872 2821 longitudo

1041 2828 1062 2848 ο
1074 2818 1113 2853 Β,
1128 2825 1261 2859 augetur
1274 2819 1323 2849 vel
1337 2819 1521 2850 diminuitur
1530 2819 1564 2850 in
1571 2821 1688 2852 ratione
1696 2821 1872 2854 resistentIae

1043 2860 1151 2898 DK;
1175 2861 1200 2891 si
1222 2861 1294 2892 vei-6
1315 2867 1457 2892 constans
1480 2868 1604 2894 manent
1626 2863 1796 2896 resistentia
1814 2875 1868 2899 seu

1041 2902 1182 2934 ordinata
1197 2903 1230 2934 D
1247 2903 1290 2938 K,
1307 2903 1360 2933 sed
1374 2910 1524 2944 augeatur
1537 2915 1556 2935 a
1574 2905 1602 2938 Β
1617 2910 1785 2948 omnesque
1804 2908 1871 2949 ejus

1042 2951 1144 2985 partes
1166 2945 1188 2976 d
1210 2945 1244 2976 D
1270 2946 1301 2975 in
1327 2946 1445 2977 ratione
1468 2947 1564 2978 totius
1586 2958 1606 2979 a
1629 2948 1658 2979 B
1687 2957 1869 2990 augeantur,

1047 2997 1118 3019 area
1139 2987 1194 3018 illa
1214 2999 1234 3019 a
1329 2998 1346 3018 r
1358 2988 1407 3019 vel
1421 2988 1605 3022 diminuitur
1618 2990 1652 3021 in
1665 2992 1782 3023 ratione
1801 2991 1871 3023 lon-

1045 3029 1194 3071 gitudinis
1207 3041 1227 3061 a
1242 3030 1272 3061 B
1281 3042 1293 3068 ς
1315 3030 1400 3062 unde
1420 3031 1446 3061 si
1466 3031 1630 3074 longitudo
1642 3043 1662 3063 a
1678 3034 1706 3065 B
1722 3033 1871 3066 variabilis

1044 3072 1084 3102 sit
1104 3077 1136 3103 et
1155 3072 1324 3104 resistentia
1347 3083 1403 3104 seu
1424 3073 1564 3106 ordinata
1589 3076 1622 3108 D
1639 3074 1674 3109 K
1686 3075 1721 3109 in
1741 3076 1872 3118 singulis

1043 3114 1276 3156 longitudinum
1301 3126 1320 3146 a
1336 3115 1365 3147 Β
1388 3115 1464 3147 locis
1487 3117 1793 3158 correspondentibus
1815 3129 1871 3149 au-
