2066 3548
235 275 314 311 188
662 264 1110 311 PHILOSOPHIAE
1143 264 1506 310 NATURALIS'
1578 263 1935 321 [Moneonpem

231 379 359 435 partis
379 378 546 435 reliquae
567 393 660 434 quae
679 378 785 420 inter
803 393 958 420 uncum
978 385 1019 420 et
1037 378 1234 435 pyxidem
1252 377 1476 433 pendulam
1505 379 1761 422 tendebatur.
1815 379 1934 423 Nam

232 450 350 491 filum
377 456 539 491 tensum
571 449 623 503 (P)
645 448 816 490 dimidio
846 449 1041 503 ponderis
1077 449 1140 489 sui
1165 449 1394 503 pendulum
1414 464 1439 489 a
1456 450 1751 504 perpendiculo
1777 451 1934 508 digres-

233 537 323 564 sum
353 536 514 577 semper
542 527 675 577 urget.
737 520 854 563 Huic
886 521 1062 576 ponderi
1093 516 1296 561 addebam
1326 520 1499 575 pondus
1522 521 1627 562 aeris
1658 536 1781 577 quem
1811 523 1934 578 pyxis

232 594 430 649 capiebat.
491 592 548 633 Et
565 591 729 646 pondus
749 598 882 633 totum
902 599 988 633 erat
1009 590 1125 646 quasi
1143 604 1246 645 pars
1266 589 1567 648 septuagesima
1595 601 1739 643 octava
1764 593 1931 649 pyxidis

230 665 488 707 metallorum
510 663 657 719 plenae.
719 663 832 704 Tum
851 663 1045 719 quoniam
1064 663 1185 718 pyxis
1198 663 1463 706 metallorum
1482 665 1617 719 plena,
1650 665 1834 720 pondere
1854 679 1931 717 suo

228 735 438 778 tendendo
467 735 598 785 filum,
635 734 811 791 augebat
840 733 1141 790 longitudinem
1174 734 1360 788 penduli,
1402 735 1696 777 contrahebam
1734 735 1852 776 filum
1883 745 1931 778 ut

228 805 399 861 penduli
413 806 500 861 jam
519 805 741 847 oscillantis
762 805 906 846 eadem
926 812 1031 845 esset
1050 803 1267 861 longitudo
1286 805 1480 858 acssprius.
1539 806 1652 847 Dein
1671 805 1856 861 pendulo
1874 806 1930 848 ad

227 878 366 919 locum
386 877 521 932 primo
540 885 729 919 notatum
748 883 926 917 retracto
945 890 994 916 ac
1014 875 1195 925 dimisso,
1226 875 1494 916 numerabam
1520 876 1795 918 oscillationes
1813 877 1931 932 quasi

229 948 488 1005 septuaginta
507 957 549 990 et
567 957 737 1004 septem,
773 948 905 989 donec
934 949 1054 1005 pyxis
1083 948 1139 989 ad
1165 948 1303 989 locum
1336 947 1516 990 secundo
1549 956 1736 990 notatum
1761 950 1927 1000 rediret,

228 1018 480 1075 totidemque
500 1019 674 1060 subinde
693 1019 825 1060 donec
844 1019 965 1074 pyxis
994 1018 1047 1059 ad
1074 1018 1212 1059 locum
1238 1018 1360 1059 tertio
1388 1026 1575 1059 notatum
1600 1018 1777 1070 rediret,⁴
1801 1027 1924 1076 atque

226 1104 367 1131 rursus
388 1089 560 1131 totidem
589 1089 720 1130 donec
739 1089 860 1145 pyxis
880 1089 1014 1130 reditu
1034 1103 1109 1130 suo
1127 1089 1347 1146 attingeret
1374 1088 1512 1130 locum
1536 1098 1740 1145 quartum.
1803 1090 1930 1133 Unde

227 1160 431 1202 concludo
465 1159 578 1216 quod
612 1159 841 1201 resistentia
860 1167 947 1200 tota
965 1159 1130 1215 pyxidis
1149 1159 1283 1214 plenae
1302 1173 1387 1200 non
1407 1160 1605 1215 majorem
1625 1160 1805 1203 habebat
1829 1176 1930 1217 pro-

224 1231 458 1286 portionem
478 1231 531 1272 ad
550 1230 823 1272 resistentiam
841 1231 1006 1287 pyxidis
1026 1244 1166 1271 vacuae
1186 1229 1309 1286 qudm
1330 1234 1382 1274 78
1404 1230 1456 1272 ad
1473 1234 1539 1275 77.
1599 1230 1710 1272 Nam
1729 1232 1765 1273 si
1785 1247 1924 1288 aequa-

225 1304 285 1345 les
306 1311 442 1345 essent
461 1303 675 1344 ambarum
694 1302 949 1352 resistentiae,
970 1301 1091 1358 pyxis
1109 1300 1233 1357 plena
1254 1302 1309 1343 ob
1328 1302 1409 1343 vim
1431 1317 1545 1344 suam
1573 1301 1736 1345 insitam
1765 1310 1930 1358 sepnia-

225 1375 315 1432 gies
333 1382 374 1415 et
393 1374 519 1415 octies
539 1375 738 1430 majorem
757 1374 798 1415 vi
818 1372 939 1415 insit&
959 1372 1122 1429 pyxidis
1142 1387 1295 1423 vacuae,
1316 1380 1477 1414 motum
1496 1387 1616 1414 suum
1637 1373 1930 1420 oscillatorium

225 1454 340 1488 tanto
369 1446 523 1487 diutius
553 1461 797 1488 conservare
826 1445 1008 1496 deberet,
1049 1453 1172 1502 atque
1201 1445 1295 1487 ideo
1326 1446 1538 1501 completis
1574 1461 1737 1501 semper
1767 1446 1928 1488 oscilla-

225 1518 404 1559 tionibus
427 1523 479 1562 78
503 1518 554 1573 (q)
576 1517 630 1559 ad
650 1518 741 1559 loca
761 1518 833 1559 illa
850 1526 993 1560 notata
1014 1518 1162 1560 redire.
1224 1518 1366 1560 Rediit
1394 1526 1531 1561 autem
1559 1519 1613 1560 ad
1642 1519 1788 1561 eadem
1816 1534 1930 1563 com-

224 1591 344 1646 pletis
367 1591 689 1632 oscillationibus
712 1597 778 1636 77.
1144 1628 1147 1630 .

280 1662 486 1718 Designet
514 1662 639 1719 igitur
660 1663 701 1704 A
720 1663 993 1704 resistentiam
1021 1662 1187 1718 pyxidis
1208 1662 1251 1703 in
1271 1663 1398 1717 ipsius
1427 1662 1644 1718 superficie
1671 1661 1855 1713 externfi,
1876 1656 1928 1709 [et

227 1732 264 1774 B
284 1732 555 1774 resistentiam
574 1733 739 1788 pyxidis
761 1748 899 1774 vacuae
919 1734 962 1774 in
975 1733 1159 1788 partibus
1180 1733 1374 1782 internis;
1406 1742 1447 1775 et
1465 1734 1500 1775 si
1520 1733 1759 1775 resistentiae
1779 1746 1928 1787 corpo-

224 1818 317 1844 rum
336 1803 645 1859 aequivelocium
665 1804 707 1844 in
726 1804 912 1858 partibus
932 1804 1102 1845 internis
1122 1804 1203 1844 sint
1222 1812 1268 1845 ut
1287 1804 1471 1853 materia,
1494 1818 1566 1845 seu
1581 1818 1777 1844 numerus
1797 1803 1926 1858 parti-

225 1875 409 1917 cularum
439 1875 585 1930 quibus
612 1875 835 1922 resistitur:
871 1875 949 1916 erit
971 1879 1023 1918 78
1050 1875 1087 1916 Β
1108 1874 1336 1915 resistentia
1362 1874 1528 1930 pyxidis
1557 1874 1691 1928 plenae
1722 1874 1767 1915 in
1795 1874 1928 1928 ipsius

224 1946 408 2002 partibus
438 1945 629 1986 internis:
663 1946 840 2001 ideoque
855 1944 1032 2001 pyxidis
1059 1959 1198 1985 vacuae
1218 1944 1446 1986 resistentia
1463 1951 1550 1985 tota
1569 1945 1610 1985 A
1637 1950 1680 1993 -Ι-
1709 1944 1747 1985 Β
1767 1944 1844 1985 erit
1873 1944 1928 1986 ad

267 2046 313 2088 (¹²)
330 2049 348 2067 ὓ
364 2048 502 2078 Dimidio
520 2049 664 2087 ponderis
685 2048 741 2078 suzss
791 2046 851 2077 Fili
873 2045 951 2076 tensi
975 2046 1006 2076 A
1023 2046 1053 2076 B
1097 2045 1136 2075 ad
1151 2044 1284 2084 spatium
1304 2050 1392 2075 motu
1412 2043 1525 2083 pixidis
1539 2043 1638 2083 plenae
1652 2043 1841 2074 oscillatione
1860 2043 1928 2075 und

223 2089 408 2130 homogenei
430 2096 460 2120 et
481 2090 607 2129 aequalis
627 2089 742 2129 ubique
757 2089 898 2120 crassitiei
913 2094 1055 2119 centrum
1097 2088 1209 2118 amisso
1230 2087 1471 2125 percurrendum
1492 2092 1529 2116 ut
1544 2090 1583 2117 78
1598 2086 1638 2117 ad
1662 2090 1689 2124 l,
1713 2093 1745 2117 et
1768 2085 1928 2126 propterea

223 2131 379 2172 gravitatis
402 2132 493 2162 estin
520 2133 589 2162 loco
614 2132 717 2162 medio
745 2133 781 2167 C,
814 2134 880 2173 (59.
907 2130 979 2161 Lib.
1005 2130 1053 2170 1.)
1097 2129 1193 2168 spatia
1203 2129 1265 2166 illa,
1288 2128 1439 2168 completa
1453 2127 1546 2159 unica
1560 2128 1671 2168 pixidis
1685 2139 1789 2159 vacuae
1804 2128 1922 2159 oscilla-

223 2172 354 2214 ideoque
369 2174 414 2205 vis
428 2174 489 2214 quii
503 2174 592 2204 filum
607 2174 741 2213 pondere
753 2184 809 2204 suo
818 2180 883 2205 toto
897 2174 934 2210 P,
950 2172 990 2203 ad
1004 2182 1054 2202 ro·
1096 2172 1190 2209 tione,
1213 2178 1244 2202 et
1257 2171 1369 2210 pixidis
1382 2172 1482 2211 plenae
1497 2171 1735 2202 ‘scillationibus
1750 2175 1790 2203 78
1804 2171 1927 2204 absolu-

223 2216 355 2247 tandum
368 2215 448 2247 circs
465 2218 508 2254 A,
523 2223 663 2259 urgetur,
679 2223 725 2248 est
738 2222 775 2248 ut
791 2217 822 2248 A
841 2218 867 2249 C
885 2222 918 2256 χ
940 2216 978 2254 P,
1001 2225 1056 2246 seu
1097 2214 1146 2251 tis,
1175 2214 1277 2244 forent
1305 2214 1434 2254 aequalia
1461 2213 1701 2254 quamproxime,
1735 2213 1828 2254 atque
1854 2211 1927 2244 ideo

1097 2256 1176 2296 pixis
1191 2257 1291 2296 plena,
1308 2256 1466 2295 completis
1479 2266 1598 2295 semper
1611 2255 1852 2287 oscillationibus
1862 2262 1863 2265 ’
1872 2258 1924 2293 78,

1097 2300 1136 2330 ad
1150 2299 1219 2329 loca
1232 2305 1335 2330 notata
1349 2299 1469 2329 rediret.

616 2318 624 2374 l
1142 2340 1225 2373 Cum
1246 2341 1279 2371 in
1300 2340 1356 2371 hic
1380 2341 1519 2372 Sectione
1533 2341 1595 2372 VI.
1616 2341 1787 2371 Newtonus
1807 2339 1925 2370 desolo

317 2374 362 2409 Α
606 2383 636 2415 C
915 2376 957 2409 Β
1100 2394 1262 2423 corporum
1284 2384 1318 2413 in
1339 2383 1475 2424 cycloide
1489 2382 1694 2414 oscillantium
1715 2389 1803 2413 motu
1817 2382 1924 2423 egerit,

1097 2426 1198 2457 multa
1225 2424 1297 2456 ver&
1318 2436 1337 2455 a
1357 2426 1574 2456 recentioribus
1599 2424 1776 2456 authoribus
1803 2425 1927 2455 inventa
1980 2423 1982 2427 ‘

223 2487 260 2512 ut
273 2480 295 2525 ᾗ
309 2481 337 2512 Ρ
351 2484 384 2518 χ
401 2481 430 2510 A
444 2479 472 2510 Β
490 2479 555 2522 (63.
571 2477 642 2510 Lib.
659 2477 706 2518 Ι.)
717 2477 783 2518 jam
795 2477 820 2507 si
835 2476 1055 2509 inveniendum
1097 2468 1168 2506 sint,
1190 2468 1302 2508 quibus
1323 2468 1472 2508 generalis
1485 2474 1628 2498 motuum
1638 2467 1672 2497 in
1686 2466 1787 2497 curvis
1800 2467 1926 2508 quibus-

224 2528 267 2556 sit>
276 2524 398 2564 pondus
419 2522 451 2560 Q
471 2523 505 2553 in
529 2523 558 2553 B
579 2520 745 2552 locandum
759 2526 795 2550 ut
808 2527 1001 2551 momentum
1023 2522 1058 2557 Q
1097 2511 1171 2559 15th
1185 2510 1301 2540 themia
1320 2511 1413 2559 longe
1427 2516 1566 2549 promoti·
1579 2516 1634 2546 est,
1650 2509 1799 2558 Pfissssil'ifl
1813 2509 1926 2550 quun-¹⁸

283 2569 313 2598 A
332 2569 360 2598 B
384 2564 563 2607 aeqffivgleat
587 2569 746 2594 momento
767 2572 821 2593 seu
837 2562 866 2591 vi
882 2562 925 2592 fili
940 2562 1052 2601 totius;
1097 2563 1145 2584 usi
1154 2558 1226 2584 sunt
1234 2552 1573 2601 sequentiProblemate
1581 2553 1710 2583 breuter
1721 2561 1922 2591 exponemus.

225 2612 281 2641 erit
305 2611 386 2648 ΩΧ
408 2610 438 2639 A
458 2607 679 2648 B=55P><
701 2605 790 2641 AB,
811 2603 942 2644 ideoque
963 2605 1053 2640 Q=

224 2653 245 2694 {-
271 2654 306 2684 Ρ.
357 2650 462 2688 Quare
490 2650 580 2680 filum
607 2655 729 2679 tensum
755 2647 883 2677 dimidio
911 2648 1054 2686 ponderis
1280 2661 1283 2664 ’
1406 2655 1408 2657 ·

226 2695 274 2725 sui
291 2696 319 2726 P
333 2694 507 2734 pendulum
521 2703 540 2722 a
553 2689 772 2731 perpendiculo
788 2689 959 2730 digressum
974 2701 1054 2721 sem-
1336 2689 1684 2722 PROBLEMATA.

226 2743 416 2822 perigrffezd
429 2781 492 2809 loca
506 2779 560 2808 illa
575 2781 679 2808 notata
693 2776 799 2805 redire.
834 2774 868 2804 Si
880 2774 1055 2806 resistentiae
1100 2779 1170 2807 188.
1208 2775 1369 2807 Tendente
1398 2774 1427 2804 vi
1455 2775 1609 2815 gravitatis
1637 2775 1783 2805 uniformi
1811 2774 1926 2815 ubique

224 2821 256 2851 in
271 2822 401 2862 singulis
416 2819 655 2851 oscillationibus
669 2823 769 2847 essent
789 2816 929 2857 aequales,
953 2824 1056 2848 motus
1139 2817 1429 2858 perpendiculariter
1442 2817 1481 2847 ad
1497 2817 1623 2856 planum
1643 2817 1818 2851 horizontis.
1846 2817 1924 2848 defl-

224 2865 335 2899 amissi‚
358 2862 480 2903 utpote
495 2861 672 2892 resistendis
686 2859 933 2901 proportionales,
956 2866 1055 2891 essent
1139 2861 1206 2891 nire
1228 2866 1348 2891 motum
1372 2859 1504 2898 corporis
1526 2870 1581 2898 per
1609 2869 1733 2890 curvam
1758 2859 1925 2900 quamlibet

223 2915 347 2947 quoque
358 2905 509 2947 aequales3
525 2904 579 2934 sed
593 2909 696 2934 motus
707 2902 819 2938 amissi,
834 2901 957 2941 paribus
967 2902 1055 2932 oscil-
1139 2903 1328 2933 ascendentis
1349 2902 1396 2932 vel
1417 2902 1627 2932 descendentis
1642 2902 1673 2931 in
1689 2901 1791 2932 medio
1805 2901 1923 2932 unifor-

223 2947 374 2979 lationum
387 2947 584 2987 temporibus,
601 2951 674 2976 sunt
687 2950 724 2975 ut
737 2954 844 2982 massae
855 2954 909 2975 seu
921 2944 1056 2983 pondera
1139 2945 1183 2975 mi
1203 2946 1292 2986 cujus
1311 2939 1479 2976 resistentia
1499 2950 1545 2975 est
1565 2951 1602 2975 ut
1621 2944 1786 2975 velocitatis
1806 2943 1926 2975 functio

225 2999 389 3029 corporum
405 2997 436 3021 et
449 2989 546 3030 spatia
566 2988 701 3019 motibus
722 2987 839 3018 amissis
861 2986 1056 3017 describenda
1139 2987 1292 3028 quaelibet.

223 3033 434 3073 conjuretim3
450 3030 581 3072 ideoque
592 3032 689 3070 spatia
698 3029 754 3060 illa
764 3035 864 3060 essent
874 3035 910 3060 ut
919 3028 1056 3068 pondera
1573 3052 1577 3056 .

223 3074 362 3114 inverse3
387 3075 447 3105 hoc
470 3080 525 3111 est,
552 3073 685 3112 spatium
710 3078 795 3102 motu
819 3071 930 3112 pixidis
950 3081 1055 3102 vacuae
1143 3072 1194 3102 De
1216 3081 1377 3110 corporum
1401 3080 1527 3102 ascensu
1553 3082 1588 3102 ac
1611 3072 1755 3102 descensu
1778 3070 1812 3100 in
1835 3069 1925 3101 lineIs

223 3117 335 3149 amisso
354 3117 388 3148 in
411 3114 477 3147 unii
497 3115 686 3147 oscillatione
711 3113 955 3153 describendum,
977 3119 1055 3145 esset
1097 3115 1186 3146 rectis
1200 3114 1240 3146 ad
1253 3114 1442 3146 horizontem
1463 3114 1750 3155 quomodocumque
1770 3112 1925 3145 inclinatis
