2066 3548
154 240 302 282 Lmen
322 240 541 291 Summo]
602 235 922 280 PRINCIPIA
953 233 1444 278 ΜΑΤΗΕΜΑΤΙΟΑω
1794 240 1843 277 13

537 437 913 482 PROPOSITIO
942 437 979 480 1.
1038 434 1399 479 THEOREMA
1429 434 1466 477 Ι.

161 556 362 610 Corporis,
393 556 458 596 cui
474 556 673 599 resistitur
692 555 736 595 in
753 555 913 595 ratione
946 554 1178 604 velocitatis,
1209 558 1333 594 motus
1357 566 1406 593 ex
1438 550 1663 593 resistentia
1692 553 1853 594 amissus

625 630 682 665 est
699 630 744 664 ut
761 625 934 678 spatium
952 625 1139 665 movendo
1156 623 1382 679 corffectum.

211 739 323 781 Nam
354 752 449 780 cum
477 745 613 779 motus
646 738 818 794 singulis
848 737 1045 793 temporis
1064 735 1278 792 particulis
1299 735 1523 793 aequalibus
1543 734 1713 777 amissus
1733 734 1786 776 sit
1804 743 1851 777 ut

148 810 363 861 velocitas,
383 810 465 852 hoc
486 811 536 866 (¹³)
558 817 631 861 est,
653 818 700 851 ut
718 809 875 852 itineris
895 808 1069 851 confecti
1087 808 1303 864 particula,
1326 808 1416 860 erit,
1438 807 1743 863 componendo,
1765 822 1855 851 mo-

155 889 223 924 tus
242 888 333 923 toto
347 890 537 936 tempore
557 880 730 923 amissus
749 889 796 923 ut
813 881 893 923 iter
912 888 1057 922 totum.
1118 880 1174 931 Q.
1196 895 1232 923 e.
1253 880 1296 923 d.
1405 932 1408 935 Ι

216 954 347 996 Corol.
379 953 522 1003 Quare
543 953 579 994 si
599 968 761 1008 corpus,
783 952 982 1010 gravitate
1001 950 1115 995 omni
1135 951 1390 1002 destitutum,
1412 949 1455 992 in
1477 950 1528 1007 (b)
1551 950 1690 1007 spatiis
1710 949 1856 991 liberis>

157 1022 247 1064 sola
259 1023 301 1065 vi
319 1023 440 1065 insita
460 1031 696 1074 moveatur;
726 1038 775 1065 ac
795 1023 916 1065 detur
934 1030 1022 1064 tum
1050 1030 1187 1064 motus
1206 1030 1317 1065 totus
1348 1022 1424 1064 sub
1453 1021 1584 1073 initio,
1615 1029 1704 1063 tum
1733 1020 1857 1061 etiam

156 1102 294 1136 motus
314 1094 494 1150 reliquus
521 1102 618 1150 post
647 1094 824 1150 spatium
853 1094 1020 1150 aliquod
1040 1093 1296 1136 confectum:
1329 1094 1376 1149 (⁰)
1398 1093 1564 1134 dabitur
1584 1093 1763 1147 spatium
1792 1099 1856 1132 to·-

160 1173 251 1207 tum
271 1166 383 1223 quod
404 1178 553 1222 corpus
573 1167 735 1208 infinito
755 1173 941 1222 tempore
969 1167 1203 1209 describere
1221 1173 1368 1222 potest.
1429 1165 1523 1207 Erit
1551 1166 1662 1208 enim
1682 1165 1861 1220 spatium

159 1235 265 1278 illud
285 1237 339 1278 ad
359 1237 537 1292 spatium
550 1237 638 1294 jam
657 1237 922 1294 descriptum,
943 1245 991 1280 ut
1009 1246 1146 1280 motus
1166 1244 1277 1279 totus
1297 1237 1374 1278 sub
1393 1236 1511 1278 initio
1530 1236 1584 1278 ad
1597 1235 1735 1278 motus
1750 1234 1859 1277 illius

160 1315 322 1362 partem
351 1307 556 1351 amissam.

867 1473 1102 1516 LEMMA
1133 1474 1169 1516 1.

213 1601 469 1654 Quantitates
488 1600 726 1657 differentiis
744 1600 825 1642 suis
836 1601 1161 1654 proportionales
1179 1605 1270 1641 sunt
1287 1595 1471 1640 continue*
1482 1599 1819 1652 proportionales.

226 1711 1868 1764 SitAadA—ButssadB—CetCadC—D,&c.etconvertendo

169 1782 1059 1835 fietAadButBadCetCadD,&c.
1121 1783 1298 1834 Q.e.d.

530 1961 905 2006 PROPOSITIO
936 1963 996 2006 ΙΙ.
1056 1963 1418 2007 THEOREMA
1447 1965 1508 2007 II.

170 2089 219 2131 Si
236 2089 394 2142 corpori
411 2090 612 2132 resistitur
620 2091 676 2132 οἰη
694 2092 853 2132 ratione
871 2092 1107 2142 velocitatis,
1138 2098 1177 2134 et
1195 2092 1298 2134 idem
1316 2091 1400 2134 sold
1416 2094 1458 2134 vi
1476 2093 1601 2135 insitii
1612 2109 1693 2149 per
1708 2096 1875 2139 medium

227 2162 406 2203 similare
423 2157 636 2214 moveam&
656 2171 861 2205 sumantur
880 2171 1009 2205 autem
1029 2171 1206 2219 tempora
1226 2167 1424 2219 aeqaalia:
1454 2168 1677 2210 velocitates
1696 2169 1741 2209 in
1752 2171 1876 2222 prin-

227 2235 345 2293 cipiis
363 2235 604 2288 singulorum
624 2241 836 2289 temporum
855 2243 946 2277 sunt
965 2238 1009 2277 in
1017 2238 1296 2292 progressione
1307 2238 1561 2293 geometrice,
1583 2246 1622 2280 et
1639 2243 1776 2293 spatia
1790 2242 1877 2282 sina

223 2306 331 2360 gulis
350 2305 589 2359 temporibus
609 2308 811 2366 descripta
829 2314 921 2349 sunt
939 2315 983 2349 ut
1013 2310 1249 2350 velocitates.

233 2433 324 2473 Cas.
348 2437 387 2473 1.
435 2431 659 2474 Dividetur
698 2439 859 2488 tempus
897 2433 941 2474 in
979 2433 1201 2488 particulas
1242 2433 1420 2490 aequales
1431 2449 1444 2484 ;
1492 2442 1535 2476 et
1573 2435 1608 2476 si
1646 2435 1745 2491 ipsis
1783 2451 1881 2492 pm*-

173 2503 393 2546 ticularum
423 2504 550 2547 initiis
581 2513 678 2562 agat
706 2505 767 2547 vis
797 2505 1041 2548 resistentiae
1071 2504 1252 2560 impulsu
1281 2505 1415 2557 unico,
1454 2520 1547 2562 quae
1577 2506 1629 2548 sit
1654 2515 1702 2548 ut
1730 2507 1880 2550 veloci-

220 2659 266 2702 (¹)
289 2661 308 2680 ⁴
334 2661 404 2691 Hoc
425 2666 476 2697 est,
503 2666 540 2691 ut
560 2661 675 2692 itineris
698 2662 829 2703 conficti
854 2662 1006 2701 particula
1047 2661 1166 2692 ratione
1188 2660 1384 2702 velocitatis.)
1431 2660 1513 2692 cum
1538 2671 1613 2702 ergo
1634 2667 1738 2694 motus
1762 2663 1804 2694 ad
1824 2673 1878 2695 ex-

179 2701 252 2745 (12)
267 2703 308 2732 ob
321 2701 428 2737 datum
443 2702 588 2741 temporis
601 2709 794 2734 momentum
811 2704 862 2744 (ex
874 2704 964 2743 hyp.)
1048 2704 1242 2735 stinctionem
1262 2714 1360 2745 usque
1374 2705 1512 2739 amissus,
1535 2704 1575 2734 sit
1587 2704 1652 2744 ipse
1666 2712 1770 2736 motus
1783 2712 1877 2743 totus,

223 2743 267 2786 (ι’)
290 2747 309 2765 ⁶
333 2748 375 2777 In
387 2747 490 2785 spatiis
503 2746 614 2783 liberis,
637 2745 671 2776 id
685 2751 739 2782 est,
761 2745 795 2775 in
809 2746 922 2786 quibus
935 2746 1006 2777 nul·
1048 2754 1079 2777 et
1093 2753 1196 2777 motus
1210 2746 1311 2777 amissi
1327 2747 1386 2777 sint
1400 2753 1436 2777 ut
1449 2746 1546 2785 spatia
1565 2747 1718 2778 movendo
1739 2748 1879 2780 confecta

179 2786 248 2816 lum
261 2786 347 2817 aliud
361 2793 406 2830 εει
420 2787 612 2818 obstaculum
627 2793 738 2827 praeoer
751 2787 846 2818 medii
867 2788 1010 2820 resisten-
1053 2791 1123 2830 (per
1138 2788 1268 2828 Theor.)
1292 2789 1347 2819 erit
1361 2796 1465 2819 motus
1479 2794 1562 2819 totus
1582 2789 1622 2819 ad
1637 2789 1740 2821 motus
1760 2797 1880 2830 partem

179 2829 256 2859 tiam
270 2829 422 2859 velocitati
436 2829 703 2869 proportionalem.
1051 2832 1194 2862 amissam
1222 2838 1291 2870 post
1319 2831 1426 2862 datum
1455 2831 1588 2870 spatium
1616 2831 1812 2872 descriptum,
1843 2839 1881 2864 ut

226 2870 271 2913 (ο)
289 2872 306 2891 *
330 2873 467 2903 Dabitur
489 2874 621 2912 spatium
635 2879 733 2905 totum
747 2875 826 2914 quod
840 2884 947 2914 corpus
960 2876 1010 2905 in·
1051 2874 1185 2913 spatium
1202 2874 1241 2904 ad
1255 2874 1486 2904 exstinctionem
1508 2884 1606 2916 usque
1626 2874 1729 2906 motus
1748 2875 1881 2915 descrip-

181 2915 277 2957 fim’to
292 2920 423 2954 tempore
438 2916 600 2946 describere
606 2922 713 2956 potest,
729 2917 787 2946 hoc
798 2922 852 2953 αἱ,
867 2926 964 2957 usque
973 2916 1012 2947 ad
1053 2922 1122 2947 tum
1135 2916 1175 2947 ad
1190 2916 1270 2947 illud
1284 2917 1391 2946 datum
1406 2915 1548 2955 spatium.
1597 2917 1690 2948 Unde
1704 2918 1801 2959 liquet
1811 2928 1880 2957 spa·

181 2962 286 2986 motus
300 2956 542 2987 exstinctionem.
583 2957 788 2999 (Ostendetur
802 2964 906 2989 autem
921 2958 1011 2996 infra,
1054 2959 1134 2989 tium
1154 2959 1237 3000 quod
1252 2969 1361 2997 corpus
1375 2957 1414 2988 ad
1427 2958 1530 2989 motus
1545 2970 1640 3000 usque
1662 2960 1881 2991 extinctionem

181 2997 216 3028 in
237 3004 312 3029 nota
333 2997 355 3033 f,
379 2998 537 3030 infinitum
559 3005 683 3040 tempus
711 3000 825 3041 requiri
849 3006 885 3031 ut
909 3007 1012 3032 motus
1053 3001 1195 3032 describit
1216 3001 1339 3031 finitum
1364 3011 1438 3036 esse,
1462 3000 1533 3033 cum
1548 3001 1651 3034 datam
1665 3004 1775 3035 habeat
1789 3002 1878 3034 mdo-

184 3042 286 3072 omnis
306 3040 514 3083 extinguatur,
537 3042 662 3084 quando
687 3043 836 3075 resistitur
857 3043 958 3075 motui
978 3044 1011 3075 in
1053 3054 1125 3075 nem
1139 3044 1180 3076 ad
1190 3043 1323 3083 spatium
1337 3042 1471 3075 finitum.
