2066 3548
257 263 339 302 298
685 257 1139 301 PHILOSOPHIAE
1168 256 1530 301 NATURALIS

876 572 878 575 v
925 534 1168 583 SECTIO
1203 533 1293 582 IX.

730 675 809 722 De
831 678 953 721 motu
973 671 1186 736 circulari
1186 670 1462 733 fluidorum.

895 859 1309 903 HYPOTHESIS.

249 992 546 1042 Resistentiam,
584 1005 671 1047 quce
704 992 835 1033 oritur
873 1006 921 1032 ea·
955 991 1105 1045 defectu
1135 989 1375 1030 lubricitatis
1405 988 1588 1041 partium
1610 986 1757 1043 fluidi,
1801 985 1954 1027 caeteris

297 1066 482 1119 paribus,
515 1065 861 1118 proportionalem
898 1078 977 1105 esse
1016 1062 1230 1114 velocitati,
1271 1061 1350 1117 qud
1380 1068 1523 1116 partes
1544 1061 1679 1117 fluidi
1715 1064 1956 1114 separantur

306 1137 355 1191 (Β)
379 1137 429 1178 ab
450 1137 626 1178 invicem.

515 1301 892 1345 PROPOSITIO
923 1301 999 1344 LI.
1060 1300 1420 1356 THEOREMA
1452 1299 1681 1342 XXXIX.
1727 1326 1730 1330 ·

246 1434 292 1477 Si
310 1433 512 1489 cylindrus
541 1434 687 1475 solidus
709 1430 864 1486 infinite
892 1432 1031 1486 longus
1050 1432 1093 1471 in
1106 1431 1246 1487 fluido
1266 1431 1456 1485 uniformi
1475 1436 1514 1471 et
1534 1430 1693 1484 irfinito
1712 1429 1820 1470 circa
1841 1442 1955 1470 axem

294 1506 498 1559 positione
527 1506 662 1546 datum
690 1505 883 1559 uniformi
911 1519 995 1545 cum
1025 1510 1130 1545 motu
1149 1505 1386 1553 revolvatur,
1417 1510 1455 1544 et
1475 1504 1526 1544 ab
1546 1503 1659 1557 hujus
1680 1503 1847 1556 impulsu
1873 1501 1957 1542 solo

301 1583 449 1631 agatur
455 1576 635 1632 fluidum
657 1577 700 1616 in
720 1575 861 1625 orbem,
885 1582 1110 1629 perseveret
1129 1582 1256 1616 autem
1266 1576 1404 1632 fluidi
1414 1589 1518 1629 pars
1537 1588 1781 1628 unaquaeque
1798 1572 1956 1628 unifor-

302 1648 421 1687 miter
442 1648 485 1687 in
505 1652 611 1687 motu
629 1660 699 1686 suo
712 1669 727 1693 ;
761 1647 849 1687 dico
869 1648 974 1700 quod
1001 1652 1178 1700 tempora
1199 1646 1412 1699 periodica
1435 1646 1618 1699 partium
1632 1645 1767 1701 fluidi
1793 1650 1884 1686 sunt
1910 1649 1957 1684 ut

301 1718 477 1770 ipsarum
498 1718 703 1758 distantiae
722 1716 774 1758 ab
793 1731 869 1757 ame
887 1717 1073 1771 cylindri.

304 1844 367 1885 Sit
391 1844 429 1887 A
453 1844 488 1886 F
508 1844 548 1886 L
568 1843 778 1899 cylindrus
804 1843 1064 1884 uniformiter
1085 1843 1193 1884 circa
1222 1857 1343 1884 axem
1365 1844 1394 1884 S
1414 1842 1458 1883 in
1487 1843 1632 1884 orbem
1651 1850 1780 1892 actus,
1811 1849 1854 1884 et
1873 1841 1952 1883 cir-
1987 1874 1990 1877 .

243 1915 346 1957 culis
381 1916 650 1957 concentricis
683 1916 720 1957 B
745 1916 788 1958 G
809 1916 875 1967 M,
910 1916 948 1958 C
969 1916 1018 1957 H
1039 1916 1095 1966 N,
1127 1916 1171 1958 D
1194 1916 1215 1957 I
1245 1915 1301 1966 O,
1335 1915 1373 1957 E
1405 1916 1447 1957 K
1479 1915 1529 1966 P,
1566 1916 1642 1957 &c.
1677 1915 1953 1972 distinguatur

241 1986 415 2027 fluidum
435 1987 480 2028 in
501 1987 621 2028 orbes
642 1986 888 2042 cylindricos
908 1987 1146 2029 innumeros
1167 1987 1448 2037 concentricos
1469 1987 1623 2029 solidos
1639 1986 1820 2042 ejusdem
1843 1999 1953 2028 cras·

243 2056 445 2098 situdinis.
507 2057 565 2098 Et
593 2056 788 2112 quoniam
827 2056 1131 2114 homogeneum
1163 2065 1225 2098 est
1258 2057 1446 2107 fluidum,
1487 2057 1777 2112 impressiones
1819 2057 1952 2099 conti-

239 2142 418 2185 guorum
438 2128 603 2170 orbium
622 2129 665 2169 in
686 2144 730 2170 se
749 2137 894 2170 mutuo
923 2129 1044 2171 factae
1073 2137 1196 2171 erunt
1227 2131 1320 2184 (per
1341 2129 1628 2186 Hypothesin)
1661 2130 1711 2185 (⁸)
1733 2137 1779 2171 ut
1807 2143 1950 2171 eorum
1990 2173 1993 2176 ,

1119 2256 1321 2328 portionalish
1312 2262 1358 2287 est
1375 2258 1446 2298 (per
1463 2257 1581 2299 Hyp.).
1629 2257 1723 2289 Unde
1736 2257 1763 2288 si
1776 2256 1951 2297 superficie·

1120 2299 1321 2348 contiguae,h
1323 2309 1500 2340 omogeneae
1515 2306 1546 2330 et
1560 2299 1686 2341 aequalis
1700 2299 1814 2340 ubique
1834 2299 1949 2338 esposi-

1120 2342 1190 2372 tatis
1204 2352 1268 2372 sese
1282 2341 1396 2372 viribus
1411 2342 1579 2382 aequalibus
1592 2348 1741 2382 premant,
1758 2347 1791 2372 et
1802 2347 1950 2382 pretem-

300 2256 331 2296 ⁶)
348 2257 367 2277 ⁶
383 2257 432 2288 Ab
448 2257 587 2288 invicem.
639 2255 827 2287 Resistentia
840 2266 912 2297 quae
926 2257 1025 2288 oritur
1038 2267 1077 2287 ex

243 2298 265 2329 d
296 2304 367 2329 ectu
387 2298 571 2329 lubricitatis
585 2299 718 2338 partium
741 2298 840 2336 fluidi,
867 2300 983 2330 caeteris
997 2299 1078 2339 pari-

242 2342 310 2377 bus,
326 2346 372 2372 est
386 2351 508 2380 semper
521 2341 629 2371 eadem
640 2342 672 2370 in
684 2341 787 2380 spatiis
799 2342 978 2382 aequalibus,
993 2352 1077 2382 quae-

1599 254 1955 309 [Moneom’om'
1998 291 2004 297 .
2065 249 2066 252 ’

242 2393 376 2424 cumque
390 2383 485 2414 fuerit
505 2383 628 2414 mobilis
649 2383 813 2421 velocitas;
838 2383 912 2414 cum
926 2384 960 2413 in
975 2384 1076 2414 omni-

242 2426 302 2456 bus
316 2425 420 2465 spatiis
441 2425 610 2465 aequalibus
631 2425 714 2456 idem
736 2425 875 2456 defectus
896 2425 1077 2458 lubricitatis

243 2467 436 2506 superandus
450 2467 500 2498 sit.
549 2468 608 2498 Est
622 2467 719 2508 igitur
732 2469 799 2498 haec
813 2468 991 2504 resistentia,
1017 2478 1076 2499 cae-

243 2510 316 2540 teris
331 2509 464 2549 paribus,
488 2515 525 2540 ut
538 2510 670 2549 spatium
686 2510 770 2550 quod
791 2511 905 2541 mobile
923 2510 1074 2546 describit,

243 2552 304 2582 hoc
318 2558 374 2589 est,
390 2551 463 2582 dato
477 2558 625 2591 tempore,
648 2559 684 2582 ut
699 2552 850 2583 velocitas.
900 2552 985 2588 Quia
1005 2551 1077 2583 vero

243 2600 344 2632 partes
366 2595 521 2635 contiguae
542 2604 613 2635 quae
634 2595 727 2624 simul
749 2596 816 2634 pari
829 2595 989 2625 velocitate
1010 2604 1076 2625 mo-

243 2643 363 2673 ventur,
387 2647 452 2666 sese
466 2643 577 2667 mutuo
591 2646 654 2667 non
676 2642 829 2674 atterunt3
853 2636 1000 2678 capienda
1020 2637 1071 2667 hic

243 2684 290 2708 est
310 2678 453 2709 velocitas
474 2678 607 2727 partium
628 2678 762 2714 relativa,
788 2677 850 2719 quii.
871 2685 971 2718 partes
984 2689 1070 2718 sepa-

244 2726 351 2751 rantur
365 2722 403 2751 ab
424 2721 566 2751 invicem.
615 2720 676 2752 Sed
690 2720 728 2751 de
741 2719 800 2752 hac
817 2721 993 2761 Hypothesi
1007 2721 1076 2751 vide

245 2762 397 2793 scholium
414 2773 552 2803 sequens.

287 2804 332 2846 (3)
349 2809 424 2836 326.
450 2808 466 2825 ⁸
492 2807 533 2837 Ut
547 2817 653 2837 eorum
675 2807 884 2837 translationes
897 2807 959 2836 ab
946 2807 1076 2837 mvicem

244 2852 271 2876 et
286 2849 456 2899 superficies
471 2850 632 2887 contiguoe,
648 2848 704 2878 διο.
754 2848 786 2878 Si
808 2847 983 2887 superficies
1003 2858 1076 2878 con-

243 2888 338 2928 tiguae
354 2888 442 2919 null&
456 2890 616 2920 velocitate
634 2888 762 2920 relativa
776 2890 855 2921 inter
869 2900 901 2920 se
916 2900 1076 2920 moveren-

242 2936 303 2966 tur,
329 2937 384 2962 eut
405 2932 430 2961 si
452 2938 553 2962 essent
573 2931 708 2971 perfecte
731 2932 866 2969 lubricae,
890 2932 976 2963 nulls
996 2931 1076 2962 foret

243 2982 349 3002 earum
376 2973 494 3005 frictio·
525 2980 557 3004 at
578 2974 603 3004 si
625 2974 800 3014 superficies
824 2974 885 3005 sint
909 2984 1023 3024 asperae
1044 2980 1076 3004 et

242 3013 303 3044 alia
317 3025 407 3053 super
421 3016 513 3046 aliam
529 3015 660 3054 incedat,
676 3023 818 3047 nascetur
828 3026 865 3046 ex
880 3017 1014 3056 partium
1027 3022 1075 3046 at-

243 3056 315 3086 tritu
341 3057 518 3094 resistentia,
543 3069 622 3099 quae,
650 3059 723 3089 dato
746 3065 883 3099 tempore
908 3064 940 3089 et
959 3058 1074 3089 coeteris

241 3099 373 3138 paribus,
404 3099 570 3142 velocitati*
586 3100 816 3140 superficierum
843 3111 875 3132 re
907 3101 975 3133 tivae
1003 3109 1072 3140 pro-

1119 2383 1293 2423 superficies
1314 2394 1383 2424 quae
1404 2394 1496 2423 super
1516 2384 1593 2414 alias
1611 2384 1668 2415 sibi
1683 2383 1845 2432 contigui-⁸⁸
1864 2383 1949 2414 inee-

1119 2426 1208 2463 dunt,
1234 2425 1367 2467 aequales
1391 2426 1472 2464 sint;
1496 2426 1674 2457 resistentie
1695 2436 1732 2457 ex
1747 2425 1851 2457 attritu
1873 2425 1947 2457 dnto

1119 2474 1255 2507 tempore
1275 2468 1388 2509 genitae
1408 2469 1649 2508 proportionales
1669 2473 1762 2499 erunt
1775 2467 1949 2499 translatio-

1119 2511 1211 2541 nibus
1232 2510 1462 2550 superficierum
1490 2511 1706 2552 contiguarum
1734 2511 1773 2540 ab
1801 2509 1945 2548 invicem,

1119 2552 1192 2583 cum
1206 2552 1383 2593 hujusmodi
1397 2553 1607 2584 translationes
1617 2553 1679 2583 sint
1692 2552 1790 2591 spatia
1802 2551 1946 2584 velocita-
1974 2554 1977 2557 ’

1119 2595 1202 2625 tibus
1222 2595 1354 2625 relativis
1368 2594 1441 2625 dato
1454 2601 1591 2635 tempore
1611 2594 1771 2633 descripta.
1819 2594 1854 2626 Si
1874 2592 1948 2626 νετό

1116 2637 1328 2668 translationes
1348 2636 1410 2667 illae
1424 2647 1479 2668 seu
1493 2637 1665 2668 velocitates
1685 2636 1819 2667 relative
1839 2647 1947 2686 φρει·-

1113 2679 1251 2710 ficierum
1263 2679 1475 2728 configunt-um
1485 2685 1638 2718 ponantur
1647 2678 1792 2719 aequales;
1803 2678 1945 2710 resinen-

1118 2722 1179 2757 tiae,
1206 2721 1322 2752 caeteris
1342 2720 1474 2760 paribus,
1499 2727 1590 2751 erunt
1603 2727 1639 2751 ut
1653 2720 1827 2761 superficIes
1846 2721 1945 2752 eonfi-

1118 2774 1190 2803 guae
1213 2774 1284 2804 quae
1304 2774 1368 2794 sese
1389 2770 1500 2794 mutuo
1520 2769 1664 2794 atterunt.
1712 2763 1819 2799 Quare
1839 2762 1866 2793 si
1885 2773 1945 2796 nee

1119 2806 1294 2844 superficies
1314 2815 1372 2836 con
1442 2816 1478 2843 ω,
1505 2815 1561 2836 nec
1582 2815 1688 2836 earum
1702 2805 1876 2837 velocitates
1895 2815 1944 2837 re-

1119 2847 1220 2878 lativae
1242 2858 1298 2878 seu
1320 2811 1531 2878 transixtiones
1551 2849 1590 2878 ab
1609 2847 1740 2878 invicem
1762 2853 1943 2897 aequantur,

1118 2890 1305 2925 resistendis,
1336 2889 1453 2920 caeteris
1480 2889 1611 2929 paribus,
1645 2894 1737 2920 erunt
1764 2888 1796 2919 in
1825 2889 1946 2922 rationo

1118 2931 1287 2971 composita
1301 2942 1338 2963 ex
1353 2932 1469 2962 ratione
1482 2931 1712 2970 superficierum
1726 2930 1943 2973 contiguarum

1117 2980 1149 3004 et
1163 2974 1280 3005 ratione
1301 2973 1534 3005 translationum
1557 2976 1595 3005 ab
1616 2974 1748 3004 invicem
1771 2972 1843 3004 dato
1863 2979 1943 3005 tem-

1117 3026 1192 3056 pore
1206 3015 1625 3055 factarum.1mpress10nes
1639 3014 1710 3047 vero
1724 3015 1943 3065 contiguorum

1117 3059 1264 3089 orbium
1254 3069 1287 3089 m
1308 3069 1340 3089 se
1354 3063 1465 3089 mutuo
1490 3058 1588 3098 factae‚
1614 3064 1688 3090 sunt
1707 3064 1744 3090 ut
1763 3057 1946 3090 resistentie

1116 3100 1228 3142 quibus
1242 3100 1463 3142 producuntur.
