2066 3548
252 262 334 300 306
679 254 1129 301 PHILOSOPHIAE
1160 255 1522 304 NATURALIS
1592 258 1734 310 [Mor.
1759 258 1960 308 Conroa.

251 386 415 427 semper
440 371 710 427 quantitatem
738 369 875 413 motus
904 370 1089 425 accipiat,
1121 385 1246 428 quam
1266 371 1464 426 imprimit
1482 371 1526 415 in
1545 373 1758 415 materiam
1778 375 1954 422 vorticis-

253 443 353 485 Sine
371 441 444 484 tali
462 440 670 497 principio
691 455 860 483 necesse
879 449 942 483 est
961 449 1007 482 ut
1024 440 1174 498 globus
1194 450 1236 484 et
1254 440 1420 485 vorticis
1439 451 1577 497 partes
1597 443 1826 497 interiores,
1857 461 1960 503 pro-,

248 523 447 573 pagantes
468 528 630 569 semper
649 522 807 556 motum
829 528 947 556 suum
968 514 1013 555 in
1033 514 1271 566 exteriores,
1292 529 1426 572 neque
1439 530 1592 558 novum
1607 516 1786 574 aliquem
1797 527 1956 566 motum

249 590 505 644 recipientes,
536 586 771 629 tardescant
787 586 984 642 paulatim
1007 595 1049 630 et
1067 587 1111 629 in
1130 587 1275 629 orbem
1294 588 1362 646 agi
1381 588 1583 631 desinant.

308 663 438 705 Corol.
461 667 501 704 5.
534 661 579 704 Si
597 661 747 719 globus
766 661 870 704 alter
887 660 985 703 huic
1005 660 1150 702 vortici
1169 660 1222 701 ad
1242 668 1397 704 certam
1416 662 1468 704 ab
1488 662 1616 718 ipsius
1637 671 1779 707 centro
1798 664 1955 715 distan-

249 734 347 776 tiam
368 734 585 786 innataret,
620 743 662 777 et
680 735 836 777 interea
869 734 979 777 circa
1013 748 1134 776 axem
1168 733 1433 776 inclinatione
1461 735 1604 777 datum
1632 735 1674 777 vi
1699 735 1837 793 aliqua
1856 752 1957 781 con-

250 815 406 849 stanter
425 807 725 857 revolveretur3
745 807 868 862 hujus
888 815 1004 848 motu
1025 814 1239 862 raperetur
1257 806 1434 849 fluidum
1452 808 1497 851 in
1511 809 1730 851 vorticem:
1753 817 1795 852 et
1812 810 1961 864 primo.

248 880 527 924 revolveretur
554 881 623 923 hic
645 889 792 923 vortex
810 895 942 922 novus
962 887 1004 922 et
1023 880 1199 937 exiguus
1225 878 1310 924 una
1337 894 1432 924 cum
1467 880 1594 938 globo
1622 881 1733 926 circa
1765 891 1952 927 centrum

250 952 432 1005 alterius,
455 963 498 997 et
518 955 677 996 interea
694 953 817 996 latius
838 961 1022 1009 serperet
1041 953 1170 1009 ipsius
1188 961 1341 1004 motus,
1373 961 1414 997 et
1432 954 1629 1009 paulatim
1649 963 1962 1011 propagaretur

247 1024 291 1065 in
310 1024 535 1075 infinitum,
570 1025 623 1067 ad
656 1024 829 1066 modum
859 1024 1026 1067 vorticis
1052 1024 1189 1079 primi.
1250 1024 1307 1069 Et
1338 1024 1482 1067 eadem
1515 1025 1690 1076 ratione,
1722 1025 1803 1082 qua
1821 1026 1955 1082 'hujus

250 1095 399 1152 globus
419 1103 633 1151 raperetur
652 1103 768 1138 motu
788 1095 953 1139 vorticis
982 1095 1164 1146 alterius,
1199 1103 1415 1150 raperetur
1449 1095 1572 1137 etiam
1605 1096 1755 1152 globus
1786 1095 1957 1147 alterius

248 1175 364 1211 motu
382 1167 518 1223 hujus,
556 1168 614 1209 sic
634 1175 681 1209 ut
698 1167 814 1224 globi
833 1166 921 1209 duo
942 1165 1052 1208 circa
1079 1165 1371 1209 intermedium
1399 1165 1568 1222 aliquod
1594 1175 1798 1222 punctum
1817 1167 1952 1210 revol-

249 1246 454 1289 verentur,
478 1253 604 1294 seque
622 1245 768 1280 mutuo
789 1226 845 1279 ob
865 1245 1025 1279 motum
1044 1237 1161 1278 illum
1182 1236 1424 1279 circularem
1443 1236 1648 1294 fugerent,
1679 1238 1760 1281 nisi
1778 1253 1855 1294 per
1872 1238 1961 1287 vim

249 1308 428 1365 aliquam
457 1308 643 1350 cohibiti.
703 1307 854 1353 Postea
873 1307 1033 1349 sivires
1063 1315 1299 1350 constanter
1326 1307 1551 1363 impressae,
1587 1308 1736 1364 quibus
1768 1308 1884 1365 globi
1911 1310 1957 1351 in

248 1378 428 1421 motibus
448 1379 531 1421 suis
551 1387 828 1434 perseverant,
858 1386 1076 1430 cessarent,
1107 1386 1149 1420 et
1167 1378 1306 1420 omnia
1324 1378 1487 1436 legibus
1516 1378 1766 1421 mechanicis
1784 1381 1957 1436 permitÎ‡
1997 1422 2002 1430 ,

249 1458 447 1502 terentur,
469 1450 753 1508 languesceret
772 1450 971 1507 paulatim
990 1458 1128 1492 motus
1147 1449 1369 1507 globorum
1403 1449 1476 1505 (ob
1506 1449 1709 1492 rationem
1735 1449 1781 1492 in
1812 1451 1957 1494 Corol.

250 1529 289 1565 3.
311 1531 352 1565 et
370 1530 410 1566 4.
433 1524 697 1582 assignatam)
721 1532 763 1566 et
781 1523 956 1566 vortices
975 1523 1143 1565 tandem
1164 1523 1512 1580 conquiescerent.

323 1597 456 1639 Corol.
466 1603 505 1640 6.
554 1598 599 1640 Si
632 1597 747 1654 globi
775 1596 914 1652 plures
945 1596 1051 1639 datis
1086 1596 1131 1637 in
1160 1596 1262 1638 locis
1288 1595 1444 1638 circum
1470 1610 1569 1638 axes
1600 1595 1805 1651 positione
1838 1595 1957 1647 datos

248 1666 369 1707 certis
383 1681 477 1708 curn
487 1667 771 1709 velocitatibus
785 1675 1020 1709 constanter
1032 1666 1352 1717 revolverentur,
1374 1666 1523 1708 fierent
1534 1667 1710 1708 vortices
1725 1666 1898 1719 totidem
1910 1667 1955 1708 in

249 1736 453 1779 infinitum
473 1746 703 1796 pergentes.
765 1737 876 1780 Nam
896 1738 1011 1795 globi
1031 1737 1180 1795 singuli
1210 1737 1355 1780 eadem
1383 1737 1543 1780 ratione
1573 1737 1654 1794 qua
1674 1752 1782 1789 unus
1808 1737 1956 1794 aliquis

247 1817 408 1850 motum
442 1824 561 1852 suum
590 1818 800 1866 propagat
828 1809 871 1850 in
891 1809 1112 1859 infinitum,
1147 1808 1439 1864 propagabunt
1467 1808 1590 1849 etiam
1618 1815 1755 1849 motus
1783 1822 1880 1850 suos
1909 1807 1955 1849 in

247 1877 467 1930 infinitum,
500 1879 604 1921 adei>
625 1887 672 1920 ut
689 1879 807 1920 fluidi
826 1878 978 1919 infiniti
997 1893 1094 1934 pars
1123 1892 1383 1934 unaquaeque
1403 1892 1454 1920 eo
1473 1877 1652 1935 agitetur
1671 1885 1788 1919 motu
1809 1879 1880 1935 qui
1899 1893 1956 1921 ex

247 1951 433 1994 omnium
466 1953 687 2009 globorum
718 1952 946 1994 actionibus
978 1951 1162 2003 resultat.
1223 1951 1351 1993 Unde
1381 1950 1557 1992 vortices
1587 1964 1675 1992 non
1707 1950 1957 1994 definientur

247 2024 368 2064 certis
388 2024 599 2076 limitibus,
632 2025 705 2068 sed
725 2025 767 2066 in
790 2040 833 2066 se
853 2032 1000 2065 mutuo
1020 2023 1220 2079 paulatim
1240 2030 1463 2064 excurrent
1474 2037 1486 2071 3
1516 2022 1713 2079 globique
1733 2038 1808 2078 per
1827 2023 1956 2066 actio-

246 2108 319 2135 nes
339 2096 540 2137 vorticum
561 2096 604 2136 in
625 2111 668 2137 se
684 2103 841 2145 mutuo,
863 2102 1069 2150 perpetuo
1078 2089 1358 2135 'movebuntur
1373 2088 1426 2134 de
1441 2092 1541 2134 locis
1555 2088 1651 2144 suis,
1674 2094 1734 2135 uti
1749 2094 1793 2135 in
1808 2094 1956 2136 Corol-

246 2164 350 2205 lario
370 2167 581 2220 superiore
609 2166 844 2221 expositum
865 2176 949 2215 est3
980 2180 1116 2221 neque
1137 2171 1291 2206 certam
1311 2163 1498 2219 quamvis
1512 2163 1619 2205 inter
1639 2178 1683 2205 se
1709 2164 1956 2220 positionem
2020 2184 2030 2193 *

247 2237 481 2288 servabunt,
503 2237 583 2278 nisi
602 2252 677 2293 per
697 2237 777 2279 vim
799 2237 979 2293 aliquam
1001 2235 1164 2278 retenti.
1225 2234 1492 2276 Cessantibus
1521 2242 1659 2276 autem
1687 2234 1846 2276 viribus
1875 2233 1956 2277 illis

246 2323 339 2364 quae
360 2309 402 2349 in
421 2309 569 2366 globos
590 2317 826 2350 constanter
845 2308 1057 2362 impressae
1078 2313 1323 2349 conservant
1350 2304 1476 2347 hosce
1505 2312 1654 2356 motus,
1692 2305 1864 2348 materia
1892 2305 1948 2348 ob
2010 2361 2013 2363 .

245 2379 447 2420 rationem
467 2379 510 2420 in
533 2378 764 2420 Corollario
784 2378 906 2420 tertio
925 2388 967 2420 et
986 2386 1135 2434 quarto
1155 2377 1415 2433 assignatam,
1446 2375 1645 2430 paulatim
1664 2377 1894 2433 requiescet
1912 2384 1954 2421 et

243 2450 287 2490 in
307 2449 482 2492 vortices
502 2449 570 2506 agi
590 2448 760 2490 desinet.

304 2523 436 2564 Corol.
460 2526 498 2567 7.
543 2523 588 2565 Si
621 2522 795 2564 fluidum
825 2521 1003 2563 similare
1033 2521 1248 2563 claudatur
1267 2520 1311 2561 in
1331 2534 1427 2561 vase
1448 2519 1664 2575 sphaerico,
1698 2533 1746 2560 ac
1764 2519 1879 2577 globi
1908 2521 1952 2563 in

244 2602 387 2636 centro
407 2595 666 2636 consistentis
693 2594 887 2636 uniformi
907 2594 1111 2636 rotatione
1131 2601 1277 2651 agatur
1296 2593 1340 2634 in
1359 2592 1569 2644 vorticem,
1591 2592 1739 2650 globus
1760 2600 1898 2634 autem
1910 2600 1952 2635 et

242 2682 314 2708 vas
334 2667 378 2708 in
407 2668 595 2710 eamdem
616 2677 777 2724 partem
806 2668 915 2709 circa
943 2682 1064 2709 axem
1094 2666 1271 2708 eundem
1301 2665 1576 2715 revolvantur,
1609 2665 1771 2720 sintque
1805 2679 1950 2706 eorum

242 2744 431 2793 tempora
450 2739 662 2795 periodica
682 2746 729 2780 ut
749 2738 948 2795 quadrata
970 2738 1414 2780 semi-diametrorum:
1436 2744 1572 2792 partes
1591 2735 1710 2777 fluidi
1729 2751 1813 2778 non
1831 2736 1949 2792 prius

241 2812 565 2864 perseverabunt
597 2812 642 2853 in
672 2812 852 2853 motibus
883 2811 966 2853 suis
998 2810 1086 2853 sine
1115 2798 1410 2852 acceleratione
1437 2817 1478 2851 et
1504 2809 1790 2861 retardatione,
1823 2809 1948 2867 quam

245 2881 325 2922 sint
346 2896 491 2923 eorum
511 2890 700 2938 tempora
730 2882 942 2938 periodica
962 2890 1009 2924 ut
1028 2882 1230 2937 quadrata
1258 2880 1543 2923 distantiarum
1564 2895 1589 2921 a
1608 2889 1750 2922 centro
1769 2881 1947 2924 vorticis.

246 2953 295 3007 (Â³)
320 2954 416 2995 Alia
436 2955 552 2997 nulla
570 2954 738 2997 vorticis
759 2954 996 2998 constitutio
1015 2962 1152 3010 potest
1172 2970 1261 2996 esse
1279 2968 1536 3010 permanens.

287 3065 331 3108 (Â¹)
350 3069 367 3086 â´'
387 3069 458 3098 Alia
474 3070 561 3100 nulla
577 3070 695 3100 vorticis
717 3070 888 3101 constitutio
905 3074 1002 3108 potest
1016 3078 1078 3099 esse
1122 3067 1243 3098 vorticis
1254 3066 1439 3102 constitutio,
1463 3072 1498 3097 ut
1511 3077 1582 3106 pars
1595 3066 1738 3107 quaelibet
1752 3066 1838 3099 fluidi
1853 3066 1947 3106 possit

239 3120 435 3151 permanens.
485 3111 569 3140 Nam
586 3113 598 3143 (
602 3121 638 3141 ex
654 3109 843 3153 demonstr.)
858 3122 895 3143 ea
909 3111 999 3142 debet
1013 3120 1078 3141 esse
1120 3110 1154 3141 in
1169 3120 1226 3142 suo
1240 3115 1327 3141 motu
1336 3108 1528 3141 uniformiter
1537 3120 1735 3149 perseverare,
1751 3115 1782 3141 et
1795 3115 1831 3140 ut
1839 3109 1945 3141 attritu
