2066 3548
249 251 331 290 312
657 245 1108 290 PHILOSOPHIAE
1138 245 1500 290 NATURALIS
1585 247 1732 299 [Mor.
1746 247 1946 305 Coaroa.

244 358 417 400 materia
435 359 600 401 vorticis
620 373 672 400 eo
690 357 857 399 fluidior
877 357 930 399 sit
949 372 1032 414 quo
1049 357 1213 414 longius
1233 357 1357 399 distat
1385 372 1410 399 a
1429 365 1585 409 centro,
1616 358 1681 400 vel
1700 359 1944 412 resistentia,

244 445 338 486 quae
357 430 488 471 oritur
506 444 561 471 ex
579 428 741 470 defectu
759 428 1003 474 lubricitatis
1021 428 1202 482 partium
1223 427 1353 478 fluidi,
1391 443 1445 470 ex
1473 428 1592 470 aucta
1623 429 1836 472 velocitate
1862 431 1946 488 qua

242 509 380 556 partes
402 501 516 543 fluidi
537 507 778 556 separantur
797 499 850 541 ab
870 499 1057 549 invicem,
1086 507 1285 555 augeatur
1311 500 1356 541 in
1384 501 1539 556 majore
1568 501 1726 543 ratione
1746 500 1869 558 quam
1896 518 1946 546 ea

243 579 305 613 est
323 571 366 612 in
387 570 467 627 qua
487 570 680 611 velocitas
700 577 887 627 augetur.
948 569 1141 619 Quorum
1170 576 1309 611 tamen
1337 578 1530 612 neutrum
1558 571 1708 613 rationi
1728 579 1943 615 consenta-

241 656 367 684 neum
384 641 558 682 videtur.
620 640 763 682 Partes
783 640 1002 682 crassiores
1023 648 1066 682 et
1083 640 1219 681 minus
1238 640 1393 692 fluidae,
1421 642 1501 683 nisi
1520 657 1666 699 graves
1686 643 1768 685 sint
1785 644 1829 685 in
1849 659 1944 686 cen-

241 719 363 762 trum,
388 710 430 766 (¹)
452 709 820 752 circumferentiam
838 718 1002 766 petent;
1038 718 1079 752 et
1106 710 1325 752 verisimile
1345 719 1407 753 est
1427 713 1551 774 quod,
1583 714 1744 756 etiamsi
1771 714 1943 758 demon-

240 783 481 825 strationum
501 781 632 839 gratia
652 782 902 839 hypothesin
921 781 1046 823 talem
1064 782 1182 823 initio
1205 782 1405 824 Sectionis
1425 783 1548 840 hujus
1567 788 1866 841 proposuerim,
1896 796 1942 831 ut

240 857 468 900 resistentia
485 857 691 898 velocitati
719 855 1039 911 proportionalis
1069 863 1187 905 esset,
1227 853 1276 910 (¹²)
1299 863 1436 897 tamen
1465 856 1695 899 resistentia
1721 859 1765 900 in
1792 861 1943 902 minori
1969 851 1979 905 ’.

239 927 291 968 sit
310 928 467 968 ratione
488 925 611 983 quam
632 942 681 968 ea
700 926 925 968 velocitatis
946 933 1021 967 est.
1080 925 1123 980 (¹)
1148 925 1251 974 Quo.
1276 939 1483 976 concesso,
1514 934 1706 982 tempora
1732 929 1940 984 periodica

237 999 417 1053 partium
436 998 602 1039 vorticis
619 1005 740 1039 erunt
759 998 802 1038 in
821 997 968 1052 majori
997 995 1122 1052 quam
1150 995 1357 1051 duplicata
1386 997 1544 1039 ratione
1574 998 1859 1043 distantiarum
1887 1003 1940 1044 ab

236 1072 363 1127 ipsius
394 1079 548 1113 centro.
609 1069 736 1119 Quod
766 1068 801 1110 si
828 1069 1004 1110 vortices
1036 1068 1114 1124 (uti
1142 1067 1375 1124 aliquorum
1396 1077 1458 1111 est
1477 1071 1634 1126 opinio)
1657 1072 1828 1115 celerius
1848 1088 1940 1116 mo-

236 1152 410 1186 veantur
427 1158 559 1199 prope
580 1150 779 1192 centrum,
802 1141 898 1183 dein
918 1141 1074 1182 tardius
1095 1155 1224 1196 usque
1243 1140 1298 1182 ad
1317 1148 1475 1182 certum
1489 1141 1672 1194 limitem,
1694 1151 1782 1185 tum
1802 1133 1940 1187 denuo

237 1207 409 1257 celerius
439 1217 560 1271 juxta
594 1213 963 1256 circumferentiam
975 1229 986 1262 3
1020 1220 1131 1254 certe
1150 1227 1226 1254 nec
1246 1213 1352 1255 ratio
1372 1215 1667 1270 ‘sesquiplicata
1699 1232 1832 1274 neque
1860 1218 1940 1260 alia

236 1287 389 1344 quaevis
410 1296 521 1328 certa
540 1301 588 1328 ac
608 1286 878 1329 determinata
892 1285 1078 1327 obtinere
1097 1292 1243 1339 potest.
1305 1286 1367 1340 (¹¹¹)
1390 1287 1582 1330 Viderint
1595 1289 1733 1345 itaque
1753 1289 1939 1346 philoso-

235 1358 310 1414 phi
330 1372 412 1415 quo
430 1365 555 1413 pacto
583 1357 890 1414 phaenomenon
918 1355 1022 1398 illud
1049 1355 1219 1399 rationis
1250 1357 1547 1413 sesquiplicatae
1567 1373 1643 1415 per
1663 1361 1836 1404 vortices
1866 1378 1939 1405 ex-

235 1430 378 1485 plicari
396 1430 537 1485 possit.

1106 1542 1225 1575 Verum
1241 1554 1296 1583 per
1309 1543 1437 1575 alteram
1456 1544 1642 1586 analogiam,
1667 1557 1806 1578 arearum
1822 1547 1938 1581 scilicet

278 1545 319 1587 (¹)
337 1548 354 1567 ''
373 1547 658 1589 Circumfer-entiam
669 1552 781 1587 petent.
821 1545 863 1577 Id
877 1542 1063 1585 experientia

1105 1593 1136 1616 et
1150 1593 1335 1625 temporum,
1358 1587 1532 1618 velocitates
1547 1588 1684 1626 partium
1700 1591 1823 1620 vorticis
1837 1591 1937 1623 circu-

235 1594 372 1626 constat3
399 1598 471 1619 nam
486 1589 512 1620 si
526 1598 604 1628 aqua
619 1589 652 1618 in
673 1599 744 1619 vase
765 1592 909 1619 contenta
922 1589 955 1617 in
971 1587 1063 1617 vorti-

234 1640 301 1661 cem
313 1638 430 1671 agatur,
446 1631 541 1670 paleae
553 1636 583 1661 et
594 1630 653 1661 alia
664 1629 844 1670 corpuscula
854 1629 958 1660 minas
969 1628 1063 1660 fluida

235 1679 346 1713 petunt
360 1673 647 1704 circumferentiam.

279 1714 326 1756 (ἱ)
345 1718 362 1735 ²*
385 1717 502 1747 Tamen
517 1717 687 1747 resistentia
701 1717 734 1747 in
749 1716 861 1747 minori
881 1716 919 1746 sit
934 1715 1058 1745 ratione.

236 1757 324 1799 (vid.
342 1757 482 1788 ultimam
498 1764 562 1788 not.
576 1758 610 1788 in
624 1759 682 1788 hoc
696 1757 809 1797 schol.)

277 1799 316 1841 (¹)
335 1802 351 1819 ⁶
373 1802 437 1834 Quo
452 1811 597 1832 concesso.
625 1800 704 1842 (Per
719 1806 781 1831 not.
794 1798 887 1838 333.)

277 1841 331 1883 (¹¹¹)
350 1844 367 1862 ¹*
392 1843 525 1873 Viderint
539 1844 641 1883 itaque
657 1843 831 1882 philosophi.
879 1840 1057 1871 Difficultas

233 1885 348 1919 crescit,
372 1883 398 1914 si
412 1883 470 1913 tria
484 1883 577 1914 simul
598 1884 834 1924 conjungantur,
857 1893 927 1923 quae
941 1882 1059 1920 primus

233 1925 373 1955 omnium
403 1925 559 1964 Keplerus
580 1924 660 1955 mira
684 1925 847 1964 sagacitate
862 1934 900 1954 ex
919 1925 1058 1954 observa-

234 1967 370 1998 tionibus
398 1966 607 1997 astronomicis
634 1966 772 1998 deduxit.
830 1966 973 1997 Primum
1001 1972 1056 2003 est,

232 2009 370 2048 planetas
392 2009 425 2038 in
450 2008 616 2048 ellipsibus,
645 2019 777 2050 quarum
797 2007 980 2039 umbilicum
1004 2008 1059 2039 Sol

232 2057 371 2090 occupat,
386 2051 590 2082 revolutiones
604 2061 674 2081 suas
688 2060 841 2091 peragere.
879 2049 1059 2081 Secundum

233 2099 278 2124 est
293 2093 429 2132 planetas
454 2093 593 2133 singulos
614 2093 708 2124 radiis
721 2092 761 2123 ad
778 2092 882 2124 Solem
895 2092 1004 2128 ductis,
1027 2098 1059 2123 et

232 2135 376 2166 satellites
389 2134 481 2165 radiis
494 2135 534 2165 ad
549 2145 641 2166 suum
655 2134 833 2175 primarium
849 2134 959 2171 ductis,
974 2145 1058 2165 areas

234 2177 402 2208 describere
416 2177 604 2216 temporibus
618 2177 867 2217 proportionales.
915 2177 1058 2207 Tertium

234 2225 288 2256 est,
305 2226 442 2259 tempora
452 2219 605 2258 periodica
616 2220 808 2259 planetarum
819 2218 899 2249 circa
911 2219 1015 2249 Solem
1026 2225 1058 2250 et

232 2262 398 2293 satellitum
412 2260 492 2292 circa
505 2262 685 2301 primarium
699 2271 800 2298 suum,
816 2271 880 2292 esse
894 2261 926 2290 in
941 2262 1058 2293 ratione

233 2302 446 2345 sesquiplicatfi
469 2303 681 2335 distantiarum
703 2315 723 2335 a
743 2310 847 2335 centro
869 2303 918 2333 sui
941 2303 1053 2335 motus.

236 2347 286 2377 Ex
301 2345 360 2376 hac
374 2346 569 2385 proportione
590 2346 746 2387 colligitur
766 2346 957 2385 planetarum
973 2347 1056 2377 velo-

233 2389 340 2420 citates
353 2388 386 2418 in
397 2387 599 2419 mediocribus
613 2389 761 2420 distantiis
769 2390 807 2419 ab
815 2387 961 2418 umbilico
971 2398 1055 2418 com-

234 2423 324 2462 muni
338 2440 402 2460 esse
416 2429 569 2468 reciproce
581 2431 615 2460 in
628 2431 746 2462 ratione
767 2430 979 2469 subduplicata
994 2430 1055 2461 dis-

233 2474 397 2509 tantiarum
412 2472 544 2502 illarum.
573 2473 640 2503 Sint
651 2474 733 2503 enim
747 2474 790 2511 D,
806 2478 836 2503 et
849 2472 881 2509 d,
890 2472 1058 2504 mediocres

234 2516 426 2555 planetarum
451 2514 602 2545 distantiae
629 2516 658 2546 T
683 2521 714 2546 et
735 2522 759 2552 t,
789 2524 896 2546 eorum
918 2520 1056 2555 tempora

234 2558 393 2597 periodica.
410 2563 441 2587 et
454 2557 599 2597 quoniam
613 2557 645 2587 in
660 2558 789 2599 singulis
798 2556 990 2597 planetarum
1005 2568 1055 2588 or-

233 2600 305 2630 bitis
332 2609 424 2639 parva
451 2605 496 2630 est
524 2599 674 2630 distantiae
697 2600 840 2630 maximae
864 2604 896 2629 et
919 2599 1056 2631 minimae

234 2641 416 2678 differentia,
445 2641 471 2671 si
495 2642 668 2673 conferatur
690 2652 763 2672 cum
787 2639 961 2672 differentia
985 2652 1056 2682 quae

234 2684 314 2715 inter
334 2683 491 2714 distantias
515 2683 649 2715 duorum
673 2684 865 2724 planetarum
886 2683 1054 2723 intercedit,

235 2727 331 2765 spatia
349 2726 536 2764 temporibus
552 2727 581 2757 T
594 2734 625 2758 et
638 2732 661 2762 t,
684 2725 833 2766 descripta
852 2731 942 2756 erunt
962 2737 1056 2766 quam

235 2768 373 2807 proxime
396 2774 432 2797 ut
453 2768 606 2799 distantiae
623 2770 656 2800 D
671 2777 702 2800 et
716 2769 756 2807 d;
784 2767 866 2799 unde
888 2767 1062 2800 velocitates

776 2811 810 2842 D
924 2809 946 2840 d
1015 2836 1023 2844 .

757 2855 842 2916 ἢ,
857 2842 975 2916 ‹taff-{3
998 2837 1061 2870 sive

237 2944 274 2969 ut
289 2917 360 3006 ἐξ
374 2945 406 2971 et
419 2917 487 3007 ᾖ,
509 2950 564 2971 seu
579 2940 611 2971 in
626 2940 840 2981 subduplioeta
860 2942 977 2973 ratione
998 2951 1063 2972 me-

237 3006 388 3037 diocrium
404 3008 617 3039 distantiarum
634 3008 762 3046 inverse,
778 3009 810 3038 in
825 3007 887 3048 qua
901 3009 993 3040 etiam
1014 3019 1063 3040 ra-

238 3049 321 3079 tione
335 3056 407 3079 sunt
423 3050 597 3081 velocitates
618 3052 751 3090 partium
775 3051 895 3081 vorticis
909 3051 1064 3082 circularis

237 3092 269 3122 in
295 3091 447 3123 distantiis
477 3092 509 3122 D
523 3098 554 3122 et
568 3092 597 3128 d,
615 3103 633 3123 a
650 3093 721 3124 Sole
738 3095 806 3134 (per
830 3093 922 3133 Prop.
942 3093 1063 3134 LIII.)

235 2842 326 2867 erunt
341 2843 376 2867 ut
389 2852 428 2892 ἶ,-
444 2841 475 2867 et
490 2810 540 2893 ἓ,
561 2837 619 2868 hoc
634 2843 687 2873 est,
704 2843 740 2868 ut

1104 1628 1177 1658 laris
1190 1635 1263 1658 sunt
1276 1628 1309 1658 in
1324 1629 1439 1659 ratione
1453 1629 1585 1669 simplici
1602 1629 1815 1663 distantiarum
1831 1643 1850 1663 a
1866 1631 1950 1664 Sole⁴

1105 1669 1272 1710 reciproce.
1320 1671 1403 1701 Nam
1425 1671 1450 1701 si
1472 1671 1595 1711 planeta
1613 1673 1650 1710 P,
1673 1674 1804 1705 orbitam
1825 1674 1937 1715 cuipa-

1104 1722 1171 1743 cam
1189 1713 1215 1742 P
1229 1725 1250 1755 q
1268 1715 1301 1751 Q
1315 1723 1335 1751 p
1350 1712 1501 1744 describat
1515 1721 1546 1744 et
1559 1713 1652 1746 radiis
1665 1715 1706 1746 ad
1721 1717 1900 1748 umbilicum
1915 1718 1938 1750 S

1105 1754 1208 1785 ductis
1221 1765 1305 1786 areas
1320 1755 1453 1796 aequales
1470 1756 1492 1787 S
1507 1757 1535 1788 P
1547 1767 1579 1796 p,
1598 1758 1620 1788 S
1638 1758 1671 1794 Q
1683 1767 1714 1799 q,
1743 1759 1938 1799 tempusculo

1467 1822 1486 1852 q

1439 1851 1648 1907 13—0'

1104 2758 1177 2790 dato
1190 2766 1306 2803 verrat,
1331 2767 1437 2794 centro
1453 2763 1475 2795 S
1489 2769 1520 2795 et
1533 2763 1624 2795 radiis
1641 2765 1662 2796 S
1680 2766 1716 2803 P,
1735 2766 1757 2798 S
1774 2766 1806 2804 Q
1819 2767 1933 2801 denui-

1104 2803 1218 2832 bantur
1231 2814 1320 2834 arcus
1333 2805 1495 2837 circulares
1508 2816 1600 2848 quam
1614 2809 1735 2839 minimi
1753 2809 1781 2840 P
1793 2821 1819 2848 r,
1837 2811 1928 2849 QR,

1104 2844 1160 2884 qui
1174 2844 1267 2875 radiis
1283 2846 1305 2876 S
1326 2855 1359 2885 p,
1378 2848 1439 2888 Sq,
1454 2855 1600 2879 occurant
1613 2850 1645 2880 in
1657 2860 1682 2888 r,
1694 2857 1726 2882 et
1740 2852 1778 2888 R,
1795 2852 1852 2884 en‘t
1860 2863 1931 2885 aren

1109 2886 1343 2935 SP·p=sp
1365 2889 1731 2932 ><Pr=SQq=s
1750 2902 1771 2933 q
1790 2895 1928 2934 xQR,

1107 2929 1224 2960 ethinc
1248 2930 1328 2962 Pr:
1350 2931 1598 2968 QR=SQ=
1620 2935 1696 2966 SP.
1744 2936 1804 2967 Sed
1830 2936 1931 2969 Prot

1111 2971 1144 3006 Q
1160 2971 1191 3001 R
1211 2978 1285 3003 sunt
1306 2979 1342 3003 ut
1366 2975 1462 3013 spatia
1483 2974 1640 3007 circularia
1661 2978 1768 3008 eodem
1793 2984 1930 3019 tempore

1106 3011 1255 3052 descripta
1263 3014 1393 3056 ide6que
1403 3022 1438 3046 ut
1447 3016 1618 3048 velocitates
1627 3019 1788 3051 circulares
1795 3021 1929 3060 partium

1108 3055 1230 3102 vorticis
1254 3056 1286 3086 in
1311 3057 1347 3092 P,
1370 3063 1402 3087 et
1418 3058 1463 3095 Q;
1490 3059 1584 3099 quare
1598 3061 1768 3092 velocitates
1781 3062 1842 3093 illae
1855 3069 1930 3095 sunt

1107 3106 1140 3127 m
1165 3097 1282 3130 ratione
1306 3098 1426 3130 inversa
1448 3099 1670 3134 dIstamiarum.
1719 3103 1815 3136 Porro
1834 3103 1928 3146 quim
