2066 3548
167 221 314 264 Lumn
330 222 548 273 stemma
588 219 908 263 PRINCIPIA
938 218 1428 260 MATHEMATICA.
1782 225 1863 263 193

167 341 207 378 1.
227 342 269 395 et
287 342 327 378 8.
350 335 476 390 Prop.
498 335 576 377 IV.
597 334 693 377 Lib.
713 334 768 386 Ι.)
789 332 824 374 si
842 330 968 373 modo
987 338 1128 373 centra
1147 330 1216 372 illa
1234 330 1457 388 quiescant.
1518 331 1594 373 Sin
1606 339 1861 383 moveantur,

165 407 358 463 quoniam
388 407 441 462 (¹)
463 407 517 448 ob
536 406 847 448 translationum
874 401 1194 453 similitudinem,
1225 402 1379 444 similes
1406 410 1576 444 manent
1594 417 1740 445 eorum
1759 404 1861 448 situs

162 478 269 520 inter
287 486 554 534 systematum
571 476 814 533 particulas3
835 475 986 517 similes
1005 474 1252 517 inducentur
1265 475 1511 517 mutationes
1531 475 1577 518 in
1596 475 1740 532 figuris
1761 491 1862 532 quas

160 547 373 604 particulae
393 547 642 590 describunt.
702 546 865 590 Similes
883 545 1010 603 igitur
1028 553 1153 588 erunt
1170 545 1586 600 correspondentium
1604 553 1646 587 et
1667 546 1861 588 similium

159 620 455 676 particularum
473 628 609 662 motus
630 619 682 674 (¹)
702 633 833 675 usque
853 618 907 660 ad
927 631 1119 660 occursus
1137 631 1234 659 suos
1253 617 1423 672 primos,
1452 624 1494 659 et
1511 625 1732 672 propterea
1750 617 1862 659 simi-

160 690 221 732 les
249 705 454 741 occursuS‚
487 697 540 733 et·
558 689 710 731 similes
738 688 998 740 reflexiones,
1027 695 1069 730 et
1093 686 1268 729 subinde
1289 689 1381 743 (per
1395 688 1484 743 jam
1503 688 1685 740 ostensa)
1706 688 1859 730 similes

161 769 298 803 motus
317 761 425 803 inter
444 775 488 802 se
507 760 640 803 donec
659 761 809 804 iterum
827 762 872 803 in
891 776 934 805 se
952 769 1098 805 mutuo
1116 760 1349 811 inciderint,
1379 768 1420 803 et
1441 760 1499 803 sic
1518 760 1714 817 deinceps
1732 762 1778 803 in
1795 762 1860 805 in-

163 830 337 871 finitum.
398 830 454 880 Q.
473 845 509 872 e.
530 830 573 873 d.

216 903 346 944 Corol.
371 909 407 945 1.
440 903 556 945 Hinc
576 903 611 945 si
629 917 804 958 corpora
822 902 907 944 duo
922 902 1089 959 quaevis,
1104 917 1197 960 quae
1212 902 1360 944 similia
1371 902 1451 944 sint
1466 910 1508 944 et
1522 902 1576 944 ad
1591 910 1858 959 systematum

158 972 376 1027 particulas
406 973 776 1029 correspondentes
795 973 980 1015 similiter
999 973 1089 1024 sita,
1125 973 1234 1014 inter
1261 972 1371 1027 ipsas
1399 973 1653 1028 temporibus
1682 989 1859 1030 propor-

156 1042 375 1084 tionalibus
414 1043 600 1085 similiter
636 1043 794 1085 moveri
831 1043 1040 1098 incipiant,
1086 1043 1247 1099 sintque
1286 1057 1430 1084 eorum
1466 1044 1770 1101 magnitudines
1809 1060 1859 1087 ac

157 1114 378 1156 densitates
412 1114 466 1156 ad
499 1115 675 1156 invicem
705 1122 752 1156 ut
779 1113 1083 1171 magnitudines
1116 1128 1166 1155 ac
1197 1113 1417 1155 densitates
1448 1115 1858 1169 correspondentium

155 1183 470 1239 particularum:
498 1183 590 1227 haec
608 1192 783 1241 pergent
810 1183 1065 1240 temporibus
1084 1183 1459 1241 proportionalibus
1479 1183 1663 1226 similiter
1687 1185 1855 1228 moveri.

160 1298 206 1339 (4.
224 1296 295 1328 Lib
314 1297 985 1337 1)FGadbdutv1=0entrahsquacor
1028 1295 1320 1334 ><AS=Ast
1338 1306 1406 1334 ⁸83
1428 1296 1607 1328 eritBD.
1623 1297 1852 1330 bd=AS·

155 1349 214 1378 pus
238 1340 267 1369 A
290 1346 419 1380 urgetur
439 1340 478 1370 ad
500 1340 564 1370 vim
585 1340 751 1372 centralem
772 1339 834 1381 qua
857 1347 986 1380 urgetur
1026 1349 1047 1370 a
1059 1349 1084 1377 s,
1106 1345 1139 1370 et
1158 1340 1198 1370 ob
1214 1338 1447 1369 similitudinem
1462 1339 1641 1378 figurarum,
1664 1346 1701 1370 ut
1717 1340 1747 1370 A
1765 1341 1799 1371 D
1814 1340 1855 1372 ad

155 1391 266 1420 corpus
279 1392 316 1419 a;
342 1387 373 1412 et
387 1382 460 1422 quia
474 1382 552 1412 vires
563 1381 627 1412 illae
643 1384 712 1423 (per
728 1382 814 1422 Hyp.
821 1382 832 1417 )
855 1388 928 1412 sunt
948 1387 984 1412 ut
1025 1391 1044 1411 a
1058 1381 1090 1417 d,
1112 1379 1245 1421 ideoque
1259 1382 1300 1411 ob
1314 1380 1446 1420 aequales
1466 1381 1600 1420 angulos
1615 1382 1649 1412 D
1663 1387 1695 1413 et
1709 1381 1740 1419 d,
1761 1383 1856 1413 trian-

154 1423 338 1463 quadratum
349 1423 545 1454 velocitatum
559 1423 673 1455 directe
687 1430 719 1455 et
731 1423 883 1454 distantiae
900 1424 930 1453 A
949 1424 981 1460 S,
1023 1423 1100 1464 gula
1116 1423 1146 1452 A
1166 1423 1199 1452 D
1216 1423 1255 1459 B,
1271 1433 1290 1452 a
1302 1422 1324 1452 d
1337 1423 1358 1453 b
1379 1428 1471 1453 erunt
1494 1423 1615 1460 similia,
1641 1429 1673 1454 et
1696 1430 1856 1463 propterea

154 1476 176 1497 s
187 1476 211 1504 s,
227 1464 355 1503 inverse,
370 1465 544 1497 velocitates
553 1472 659 1497 autem
668 1471 742 1498 sunt
755 1472 792 1497 ut
805 1465 904 1505 spatia
913 1475 983 1507 quae
1027 1474 1116 1496 arcus
1134 1466 1163 1494 A
1182 1465 1223 1501 Β,
1239 1474 1258 1495 a
1271 1466 1300 1498 b,
1323 1463 1437 1494 similes
1451 1469 1482 1494 et
1496 1464 1635 1495 similiter
1648 1465 1707 1496 siti.
1755 1466 1856 1497 Simili

1028 1506 1122 1536 modo
1136 1486 1391 1536 demdnstrabitur
1404 1506 1488 1545 quod
1508 1516 1634 1546 corpora
1654 1517 1673 1538 e
1687 1506 1762 1538 locis
1778 1508 1807 1539 B
1822 1514 1855 1540 et

1025 1549 1047 1579 b
1071 1558 1229 1589 progressa
1253 1548 1369 1579 similes
1390 1557 1480 1578 arcus
1505 1556 1543 1579 ac
1577 1549 1718 1579 similiter
1740 1550 1855 1590 positos

961 1607 963 1609 ·
1024 1590 1202 1625 describant,
1219 1597 1311 1631 atque
1324 1589 1368 1620 ita
1382 1590 1534 1628 deinceps.
1578 1591 1764 1623 Describent
1774 1603 1853 1644 ergo

1022 1633 1137 1673 figuras
1150 1633 1264 1662 similes
1277 1631 1356 1663 circi
1370 1638 1475 1662 centra
1492 1632 1515 1663 S
1529 1638 1559 1663 et
1572 1642 1597 1663 s.
1639 1633 1702 1663 His
1716 1633 1789 1665 vero
1799 1635 1854 1666 de·

1020 1675 1195 1705 monstratis
1208 1680 1291 1715 patet
1313 1676 1399 1715 (196.
1421 1674 1490 1705 Lib.
1512 1674 1540 1704 1.
1546 1674 1559 1711 )
1582 1674 1666 1714 quod
1680 1675 1852 1709 describent

1020 1717 1135 1747 similes
1162 1723 1193 1747 et
1220 1716 1459 1756 proportionales
1492 1715 1664 1757 figurarum
1699 1718 1850 1751 similium

1022 1765 1124 1799 partes
1133 1760 1320 1799 temporibus
1331 1758 1615 1798 proportionalibus
1626 1769 1681 1790 seu
1690 1770 1763 1801 quae
1771 1770 1852 1792 sem-

1019 1811 1075 1842 per
1091 1801 1153 1831 sint
1167 1807 1203 1831 ut
1215 1808 1352 1840 tempora
1368 1801 1398 1831 T
1411 1806 1443 1831 et
1455 1806 1479 1831 t.

1063 1843 1112 1885 (¹)
1129 1848 1146 1863 ¹¹
1165 1845 1208 1875 01>
1221 1845 1459 1875 translationum
1467 1844 1705 1875 similitudimem.
1732 1844 1850 1876 Oriun-

1020 1892 1072 1916 tur
1098 1886 1182 1916 enim
1213 1892 1388 1916 centron-um
1416 1885 1541 1915 illorum
1565 1886 1780 1918 translationes
1809 1897 1849 1919 ex

1019 1927 1423 2001 essessa&
1433 1928 1849 2004 ..msam

1019 2012 1322 2085 {arsames
1328 1980 1848 2104 gemmeas

1019 2103 1103 2133 runt,
1125 2096 1263 2127 similiter
1276 2106 1398 2137 quoque
1411 2095 1555 2135 deinceps
1568 2097 1684 2127 moveri
1703 2104 1843 2139 pergant.

1062 2138 1109 2180 (Υ)
1133 2140 1151 2159 *
1174 2140 1277 2179 Usque
1298 2140 1338 2170 ad
1365 2149 1509 2170 occursus
1536 2149 1605 2170 suos
1626 2141 1755 2179 primos,
1786 2141 1843 2171 &a

1020 2180 1105 2212 Nam
1130 2179 1203 2211 cum
1224 2180 1372 2229 particula
1372 2190 1443 2210 rum
1459 2181 1761 2220 correspondentiam
1782 2181 1844 2212 dis·

1019 2222 1133 2259 tantiae,
1153 2229 1224 2272 post
1236 2222 1352 2262 quaevis
1364 2228 1502 2262 tempora
1514 2223 1760 2261 proportionalia,
1783 2224 1846 2255 sint

1018 2275 1139 2304 semper
1151 2265 1186 2294 iu
1198 2263 1271 2296 data
1291 2263 1509 2297 diametrorum
1532 2266 1650 2296 ratione
1670 2265 1703 2295 in
1724 2265 1845 2299 duobus

1017 2307 1231 2347 systematibus
1246 2308 1299 2348 (ex
1313 2306 1393 2337 dem.
1399 2306 1423 2346 )‚
1446 2316 1568 2337 necesse
1583 2313 1628 2337 est
1642 2314 1679 2338 ut
1691 2307 1844 2338 distantia

1018 2349 1206 2388 temporibus
1225 2348 1499 2388 proportionalibus
1512 2356 1702 2399 evanescant,
1727 2356 1759 2380 et
1773 2359 1843 2389 pro-

1017 2390 1091 2424 iude
1103 2397 1139 2422 ut
1149 2392 1369 2432 particularum
1385 2400 1530 2422 occursus
1548 2391 1647 2463 prim-il
1653 2391 1840 2433 contingant,

1017 2434 1072 2464 ubi
1095 2434 1253 2472 particulae
1279 2433 1342 2463 111ae
1369 2433 1539 2474 figurarum
1567 2433 1647 2463 simil
1650 2434 1714 2464 ium
1731 2439 1843 2473 partes

1017 2475 1132 2507 similes
1145 2475 1378 2514 descripserunt.
1426 2475 1478 2506 Ex
1501 2485 1564 2515 quo
1589 2477 1726 2516 sequitur
1748 2476 1842 2515 parti-

1016 2517 1159 2549 cularum
1180 2518 1304 2548 illarum
1328 2527 1473 2548 occursus
1492 2517 1607 2556 primos
1630 2517 1744 2548 similes
1764 2518 1840 2556 som,

1016 2565 1086 2590 tum
1099 2560 1216 2591 ratione
1229 2559 1445 2597 directionum,
1465 2559 1550 2601 quod
1565 2560 1632 2599 jam
1653 2559 1841 2591 demonstra.

1016 2608 1085 2633 tum
1099 2608 1153 2639 est,
1168 2607 1236 2633 tum
1250 2602 1343 2633 etiam
1357 2602 1474 2632 ratione
1489 2602 1684 2632 velocitatum
1699 2608 1730 2633 et
1742 2612 1840 2643 qnan-

1015 2644 1139 2675 titatum
1153 2643 1264 2676 motus.
1313 2644 1470 2684 Siquidem
1491 2644 1587 2682 spatia
1601 2654 1743 2682 percursa
1762 2651 1841 2675 tem-

1015 2687 1141 2725 poribus
1167 2686 1453 2726 proportionalibus,
1472 2693 1545 2716 sunt
1572 2696 1692 2725 semper
1708 2686 1748 2718 rin
1769 2687 1842 2718 dats

610 2760 622 2767 ,
1016 2728 1144 2766 ratione,
1173 2726 1306 2769 ideoque
1332 2728 1506 2759 velocitates
1530 2728 1562 2757 in
1588 2726 1663 2758 locis
1690 2728 1842 2760 similibus

153 2772 247 2804 amul
268 2770 416 2810 descripta
428 2772 559 2803 fuissent
578 2771 612 2802 in
635 2777 781 2813 tangente
798 2772 828 2802 A
848 2771 888 2807 G,
911 2781 930 2802 a
944 2771 975 2809 d,
1017 2777 1090 2802 sunt
1110 2781 1230 2809 semper
1243 2772 1276 2801 in
1291 2770 1362 2801 dats
1375 2770 1502 2806 ratione,
1524 2775 1556 2800 et
1568 2769 1640 2800 inde
1653 2771 1694 2801 ob
1707 2771 1840 2810 particu-

152 2816 210 2846 erit
227 2814 253 2845 F
265 2813 295 2844 G
310 2813 350 2843 ad
363 2813 421 2850 bd,
437 2814 513 2845 utA
529 2815 559 2845 G
572 2816 588 2833 ²
602 2818 635 2851 ><
649 2825 694 2844 as
708 2814 833 2844 adad²
848 2818 880 2852 χ
898 2814 927 2844 Α
940 2814 972 2844 S.
1017 2813 1118 2844 larum
1131 2812 1432 2861 correspondentiam
1447 2811 1679 2842 similitudinem
1693 2818 1724 2843 et
1737 2813 1841 2844 datam

154 2857 215 2888 Sed
242 2857 311 2897 (per
334 2856 405 2886 Cor.
431 2860 459 2887 l.
485 2856 576 2887 Lem.
595 2856 679 2896 XI.)
706 2857 735 2887 B
754 2857 809 2887 D:
831 2856 858 2887 F
875 2856 905 2886 G
928 2868 975 2887 =
1016 2854 1202 2886 dens-imum
1213 2855 1370 2889 rationem,
1381 2854 1566 2894 quantitates
1575 2853 1678 2884 motus
1688 2865 1758 2895 qnae
1768 2861 1857 2894 sunt

155 2902 186 2930 A
204 2899 237 2929 D
253 2900 291 2917 ²·
284 2897 345 2928 .A
363 2897 393 2928 G
408 2900 444 2935 ²;
464 2897 558 2938 quare
579 2899 649 2939 (per
662 2898 911 2937 compositionem
926 2907 974 2928 ra-
1015 2904 1052 2928 ut
1065 2898 1239 2928 velocitates
1258 2902 1289 2927 et
1302 2896 1465 2926 densitates
1479 2901 1510 2926 et
1523 2895 1682 2927 volumina
1694 2907 1841 2938 conjunc-

151 2941 274 2972 tionum
284 2908 490 2980 etexaequoq)
507 2939 597 2972 BD.
613 2940 728 2971 bd=
747 2940 776 2970 A
796 2940 859 2970 D²
876 2944 910 2977 χ
927 2950 975 2971 as
1014 2938 1082 2976 tim,
1107 2940 1141 2970 in
1166 2939 1242 2969 locis
1262 2937 1413 2969 similibus
1432 2937 1692 2970 manentindata
1711 2941 1838 2971 ratione.

152 2982 234 3015 :ad
247 2984 263 3001 ²
282 2986 314 3018 ><
335 2982 366 3012 A
385 2982 415 3012 8.
463 2980 544 3012 eum
567 2982 664 3022 igitur
687 2984 727 3012 ob
751 2981 975 3022 triangulorum
1020 2981 1215 3013 Reflexiones
1242 2980 1337 3020 igitur
1363 2989 1434 3020 que
1461 2989 1509 3010 ex
1528 2990 1557 3020 eJ
1548 2980 1681 3011 usmodi
1709 2982 1843 3012 motibus

154 3026 186 3057 A
203 3025 226 3056 S
239 3024 282 3060 D,
298 3034 318 3053 a
331 3033 346 3053 s
359 3023 390 3060 d,
405 3022 634 3054 similitudinem
651 3029 703 3065 (ex
720 3023 826 3063 Hyp.)
841 3024 881 3054 sit
898 3024 928 3054 A
942 3023 976 3054 D
1017 3029 1109 3064 atque
1131 3022 1308 3054 occursibus
1332 3021 1484 3053 similibus
1511 3029 1699 3062 nascuntur3
1728 3023 1843 3055 similes

152 3066 295 3098 ad=
314 3066 344 3096 A
362 3066 406 3096 S.
425 3064 599 3096 asetide6
621 3067 654 3096 A
671 3067 735 3097 D²
752 3070 786 3105 ><
803 3076 874 3097 as·
890 3065 974 3097 ad²
1017 3071 1117 3097 erunt.

197 3122 280 3152 vor..
300 3121 349 3152 11.
986 3121 1020 3151 N
