2066 3548
226 259 309 296 238
357 218 367 221 ’
657 202 1109 290 ΡΗΙιοΞοΡΗῙΕ
1140 236 1512 298 NATURAms
1573 233 1941 287 [moneam

450 456 826 503 PROPOSITIO
858 454 1087 498 XXXIX.
1148 448 1721 520 THEOREMA—XXXI.

233 581 370 632 Globi,
399 576 478 634 per
493 580 674 636 fluidum
699 579 742 618 iu
761 578 896 618 canali
926 575 1144 631 cylindrico
1171 575 1342 614 clausum
1362 579 1400 613 et
1420 583 1671 625 compressum
1690 569 1944 625 uniformiter

280 654 591 710 progredientis,
622 651 850 692 resistentia
878 655 934 690 est
957 649 1014 688 ad
1039 649 1130 696 vim,
1164 645 1243 700 qua'¹
1271 651 1374 687 totus
1401 643 1481 698 ejus
1504 649 1639 692 motus,
1670 643 1825 683 interea
1851 642 1943 682 dum

287 731 371 766 octo
391 724 531 765 tertias
544 729 687 777 partes
707 721 896 762 diametri
914 732 995 760 suae
1022 717 1220 765 describit,
1252 717 1314 757 vel
1328 716 1522 769 generari
1533 714 1666 767 possit
1685 713 1746 753 vel
1765 712 1868 761 tolli,
1899 712 1945 752 in

287 796 447 837 ratione
467 807 555 849 quae
574 794 821 846 componitur
841 806 889 831 ex
907 789 1067 830 ratione
1094 788 1241 841 orificii
1260 787 1414 827 canalis
1435 787 1491 825 ad
1519 798 1709 826 excessum
1728 782 1843 837 hujus
1862 782 1946 832 ori—

271 869 373 923 ficii
399 880 520 921 supra
552 866 758 907 dimidium
778 863 920 904 circuli
948 861 1114 902 maximi
1143 859 1266 914 globi,
1303 865 1342 899 et
1374 859 1533 898 ratione
1559 855 1766 910 duplicata
1800 856 1948 909 orfficii
1988 855 1990 859 ’

287 939 442 979 canalis
454 938 509 977 ad
524 950 713 977 excessum
727 933 840 988 hujus
860 933 1007 987 orificii
1026 945 1147 984 supra
1163 931 1350 971 circulum
1362 929 1574 969 maximum
1590 927 1720 982 globi,
1735 932 1773 967 et
1786 927 1948 967 ratione

288 1009 497 1050 densitatis
500 1008 634 1065 fluidi
652 1008 709 1047 ad
728 1006 961 1054 densitatem
977 1002 1089 1058 globi
1109 998 1415 1056 quamproxime.

286 1091 414 1168 *Patet
450 1138 526 1179 per
568 1122 708 1165 Corol.
746 1127 786 1163 2.
824 1121 951 1174 Prop.
994 1117 1241 1160 XXXVII.
1279 1096 1470 1171 ‘procedit
1509 1112 1607 1156 vero
1647 1110 1966 1180 demonstratio·

233 1198 284 1252 (α)
306 1194 656 1252 quemadmodum
676 1193 720 1234 in
743 1190 1034 1247 Propositione
1052 1187 1327 1244 praecedente.

919 1370 925 1379 ’
987 1360 1194 1402 scholium.

288 1478 341 1519 In
363 1476 722 1532 Propositionibus
744 1476 904 1517 duabus
924 1473 1155 1517 novissimis
1177 1473 1369 1530 (perinde
1390 1480 1436 1515 ut
1456 1473 1500 1514 in
1521 1472 1641 1515 Lem.
1658 1471 1730 1524 V.)
1753 1483 1944 1527 suppono

230 1547 342 1604 qued
364 1563 471 1604 aqua
491 1548 625 1588 omnis
647 1547 888 1603 congelatur
909 1561 1001 1602 quae
1021 1545 1191 1603 globum
1204 1544 1417 1600 praecedit,
1440 1551 1482 1585 et
1495 1545 1610 1600 cujus
1624 1543 1806 1585 fluiditas
1821 1549 1948 1599 auget

230 1619 505 1661 resistentiam
536 1618 663 1675 globi.
727 1618 771 1659 Si
800 1632 906 1673 aqua
939 1617 1010 1658 illa
1042 1617 1175 1657 omnis
1209 1616 1421 1672 liquescat,
1464 1615 1683 1672 augebitur
1714 1612 1946 1656 resistentia

233 1690 549 1746 aliquantulum.
603 1689 686 1731 Sed
700 1696 966 1745 augmentum
986 1687 1088 1728 illud
1108 1687 1152 1728 in
1172 1687 1235 1728 his
1251 1686 1616 1742 Propositionibus
1631 1700 1806 1741 parvum
1818 1684 1896 1726 erit
1907 1691 1950 1725 et

234 1762 391 1819 negligi
410 1768 559 1816 potest,
596 1768 815 1815 propterea
837 1759 950 1815 quod
971 1772 1160 1800 convexa
1186 1757 1425 1813 superficies
1454 1757 1569 1814 globi
1598 1764 1731 1798 totum
1750 1755 1837 1797 fere
1857 1754 1948 1796 offl-

235 1833 345 1874 cium
363 1831 511 1889 glaciei
530 1831 665 1873 faciat.

577 2010 953 2054 PROPOSITIO
984 2011 1085 2053 XL.
1148 2010 1491 2053 PROBLEMA
1523 2010 1605 2052 IX.

242 2126 376 2178 Globi,
405 2128 450 2168 in
478 2126 606 2168 medio
622 2127 872 2183 fluidi-§simo
902 2141 1116 2181 compresso
1135 2127 1444 2181 progredientis,
1481 2126 1661 2167 invenire
1685 2123 1950 2166 resistentiam

905 2199 1272 2252 perplzaenomena.

300 2313 363 2356 Sit
389 2313 431 2354 A
456 2312 620 2368 pondus
651 2312 766 2370 globi
795 2313 838 2354 in
865 2327 1008 2364 vacuo,
1047 2313 1085 2355 B
1108 2312 1274 2368 pondus
1304 2291 1457 2368 ejuswin
1475 2295 1613 2352 medio
1639 2310 1868 2360 resistente,
1900 2309 1946 2352 D
1988 2351 1990 2353 ,

242 2383 441 2426 diameter
460 2383 588 2440 globi,
613 2384 648 2425 F
669 2385 846 2439 spatium
866 2384 978 2441 quod
999 2385 1051 2426 sit
1071 2384 1124 2426 ad
1142 2384 1170 2447 ᾗ
1189 2384 1234 2431 D
1250 2392 1297 2425 ut
1316 2383 1494 2425 densitas
1507 2381 1621 2439 globi
1635 2381 1689 2423 ad
1703 2380 1948 2423 densitatem

242 2513 372 2556 ideoque
395 2514 560 2545 dimidium
582 2521 701 2545 motum
725 2514 843 2546 amittet
857 2525 921 2556 quo
935 2520 1074 2554 tempore

242 2564 432 2597 percurreret
442 2557 636 2587 uniformiter
647 2563 716 2588 octo
728 2557 830 2588 tertias
839 2557 980 2588 diametri
991 2567 1072 2594 suae3

199 2634 201 2636 q
243 2600 297 2641 sed
311 2600 389 2630 illud
411 2601 544 2639 spatium
565 2600 760 2630 uniformiter
781 2609 962 2639 percursum
975 2605 1021 2630 est
1034 2599 1075 2630 ad

243 2643 377 2683 spatium
399 2651 579 2682 percursum
604 2642 763 2672 velocitate
791 2652 846 2682 per
871 2641 1076 2673 resistentiam

245 2721 437 2754 decrescente
458 2728 495 2753 ut
515 2696 597 2780 ἐξ
614 2722 691 2765 (sive
698 2715 741 2766 ἦ)
757 2722 798 2753 ad
818 2722 1077 2764 logarithmump

246 2816 367 2848 tabulis
383 2816 583 2857 desumptum
611 2816 790 2858 quantitatis

824 2845 854 2874 A
874 2844 902 2874 B
931 2816 1009 2858 (sive
1034 2807 1076 2861 ξ)

247 2884 487 2925 multiplicatum
509 2896 564 2926 per
585 2890 797 2924 250258509,
820 2891 852 2916 et
865 2885 918 2916 ille
932 2885 1079 2926 logarith-

248 2935 319 2958 mus
333 2934 379 2958 est
392 2932 564 2966 ..⁹3010800,
589 2928 775 2968 productum
799 2938 874 2969 ergo
898 2927 956 2959 erit
970 2931 1076 2965 ‚6981‚

249 2979 306 3011 aze.
326 2979 396 3011 ideo
413 2984 439 3011 1.
458 2981 498 3012 ad
512 2985 622 3019 .6931,
643 2971 780 3023 aaut}
794 2978 1075 3017 D,ad1.84832><

252 3020 297 3058 D,
321 3023 404 3062 quod
429 3023 555 3063 quidem
581 3024 676 3063 paulo
694 3026 799 3055 minus
821 3030 867 3055 est
885 3033 978 3064 quam
997 3027 1016 3053 2
1034 3024 1078 3060 D,

248 3062 321 3096 ideo
347 3064 457 3104 globus
473 3066 507 3095 in
529 3065 627 3097 fluido
649 3066 788 3106 ejusdem
810 3066 968 3097 densitatis
988 3065 1079 3096 dimi-

250 3104 334 3137 diam
356 3107 405 3137 sui
429 3114 533 3139 motus
555 3115 673 3148 partem
700 3108 785 3149 prius
810 3108 960 3140 describet
983 3119 1079 3149 quam

1115 2515 1337 2554 longitudinem
1365 2515 1503 2545 duarum
1531 2514 1626 2554 ipsius
1650 2513 1871 2543 diametrorum
1895 2513 1948 2543 de-

1115 2558 1278 2596 scripserit.
1325 2556 1368 2592 Q.
1386 2566 1412 2586 e.
1431 2556 1461 2586 d.
1883 2574 1885 2579 .
1915 2585 1918 2589 ,
1961 2577 1969 2586 .,

1161 2598 1206 2641 (²)
1225 2601 1242 2619 ⁴*
1264 2600 1524 2634 Quemadmodum
1548 2599 1583 2628 in
1607 2598 1811 2637 Prqmsitione
1831 2607 1948 2637 praee-

1119 2645 1216 2674 dente.
1256 2640 1486 2672 Demonstratio
1497 2639 1605 2670 eadem
1619 2646 1733 2677 manet,
1749 2649 1820 2680 quae
1831 2639 1865 2669 in
1874 2645 1949 2670 nota

1121 2688 1193 2715 281.
1218 2683 1415 2725 adjungenda
1434 2688 1554 2713 tantum
1575 2683 1641 2712 haec
1663 2688 1753 2713 sunt:
1778 2681 1949 2712 resistentia

1120 2733 1224 2758 autem
1239 2725 1371 2766 cylindri,
1381 2730 1426 2756 est
1439 2724 1479 2755 ad
1492 2725 1572 2755 hanc
1581 2724 1643 2754 vim
1657 2735 1751 2765 quam
1765 2722 1905 2764 proxime
1915 2723 1949 2755 in

1120 2770 1238 2800 ratione
1253 2779 1322 2810 quae
1337 2765 1530 2807 componitur
1540 2777 1578 2797 ex
1589 2768 1707 2798 ratione
1714 2766 1823 2798 orificii
1833 2762 1948 2797 canili-

1121 2812 1161 2843 ad
1182 2821 1340 2842 excessum
1361 2810 1454 2851 hujus
1474 2809 1582 2841 orificii
1604 2819 1696 2849 supra
1709 2808 1873 2840 dimidium
1888 2803 1948 2839 eir·
2011 2823 2015 2831 =

1121 2854 1185 2885 culi
1206 2854 1333 2885 maximi
1353 2852 1446 2892 globi,
1473 2858 1504 2883 et
1524 2853 1642 2883 ratione
1664 2852 1819 2891 duplicat·
1839 2850 1948 2881 orifldi

1121 2896 1236 2927 canalis
1257 2896 1296 2927 ad
1317 2904 1474 2926 excessum
1495 2894 1589 2935 hujus
1610 2894 1717 2925 orificii
1732 2903 1825 2933 supra
1848 2893 1946 2924 circu-

1120 2939 1188 2969 lum
1208 2938 1379 2969 maximum
1399 2937 1494 2978 globi,
1518 2944 1549 2968 et
1569 2937 1686 2968 ratione
1706 2936 1863 2968 densitati·
1876 2934 1948 2977 flui-

1121 2981 1154 3012 di
1182 2981 1221 3011 ad
1250 2980 1429 3011 densitatem
1458 2979 1556 3020 globi.
1572 2982 1642 3021 (per
1669 2979 1770 3010 Corol.
1794 2982 1823 3009 2.
1851 2977 1945 3016 Prop.

1124 3023 1357 3063 XXXVII.);
1388 3027 1420 3053 et
1446 3022 1616 3053 resistentia
1638 3022 1723 3063 globi
1852 3019 1860 3027 '
1901 3025 1947 3050 est

1123 3065 1302 3098 resistentiae
1328 3064 1468 3106 cylindri,
1498 3074 1553 3105 per
1583 3064 1672 3096 Lem.
1700 3063 1741 3096 V.
1768 3062 1830 3095 Vl.
1859 3061 1944 3095 vu.

1127 3109 1168 3145 Q.
1186 3119 1213 3140 e.
1231 3108 1263 3140 d.
