2066 3548
157 231 302 272 ann
324 231 540 282 Suetium]
602 230 920 273 PRINCIPIA
952 228 1444 275 MATHEMATICA.
1799 236 1849 282 51

154 350 363 400 gumento,
387 342 430 382 in
454 357 626 384 ascensu
645 341 843 396 corporis,
865 340 1079 390 sumendo,
1113 339 1167 381 ad
1186 339 1432 380 contrariam
1450 346 1610 393 partem
1629 341 1771 392 puncti
1798 342 1851 392 A,

155 413 332 470 aequales
352 428 468 455 areas
488 414 526 455 A
552 414 590 455 B
608 428 652 454 m
669 413 697 463 i,
717 412 790 452 im
804 426 833 453 n
846 412 889 462 k,
909 412 939 452 k
952 426 982 452 n
994 411 1063 461 ol,
1084 412 1160 452 διο.
1176 409 1380 451 constabit
1399 409 1511 465 quod
1529 409 1636 450 vires
1656 409 1854 452 absolutae

157 486 198 527 A
219 485 269 535 C,
290 485 306 525 i
328 485 377 535 C,
398 485 428 526 k
450 485 500 535 C,
521 485 538 525 l
559 485 609 535 C,
630 486 705 526 διο.
727 491 824 524 sunt
842 482 1035 524 continue
1054 482 1395 537 proportionales.
1456 481 1640 536 Ideoque
1670 482 1704 522 si
1724 483 1853 535 spatia

155 555 296 596 omnia
314 555 358 595 in
377 569 549 597 ascensu
568 561 610 595 et
628 553 826 594 descensu
859 553 1073 608 capiantur
1106 552 1302 608 aequalia3
1337 565 1480 593 omnes
1511 551 1621 592 vires
1653 550 1854 592 absolutae

155 625 172 667 l
193 626 242 677 C,
259 626 289 666 k
311 626 360 676 C,
382 626 397 666 i
418 626 467 676 C,
490 625 532 666 A
553 624 604 675 C,
626 624 648 665 I
671 624 721 675 C,
745 624 788 665 K
810 623 859 675 C,
883 623 921 665 L
943 623 993 674 C,
1025 624 1100 665 &c.
1133 630 1255 664 erunt
1285 621 1479 664 continue
1510 621 1852 677 proportionales.

160 696 216 745 Q.
237 711 273 738 e.
293 696 335 737 d.

216 767 344 808 Corol.
369 771 406 807 1.
452 766 570 808 Hinc
589 766 624 806 si
639 765 816 820 spatium
845 765 1095 820 descriptum
1114 771 1346 819 exponatur
1363 778 1440 818 per
1459 778 1598 805 aream
1616 763 1855 820 hyperboli-

159 855 250 883 cam
283 841 325 882 A
345 841 383 882 B
404 841 448 881 N
470 841 537 890 K;
566 841 720 895 exponi
751 847 924 895 possunt
953 839 1014 881 vis
1046 839 1269 895 gravitatis,
1304 837 1498 880 velocitas
1525 838 1709 893 corporis
1728 845 1770 878 et
1787 851 1853 878 re—

162 917 344 959 sistentia
370 916 496 958 medii
523 930 600 971 per
632 915 760 958 lineas
795 915 836 956 A
858 914 908 964 C,
945 914 987 955 A
1018 913 1056 955 P
1089 920 1131 954 et
1169 913 1211 954 A
1241 912 1284 954 K
1317 910 1564 967 respective3
1612 911 1662 966 (¹¹)
1693 919 1735 952 et
1765 910 1854 951 vice

160 989 288 1032 versa.
590 987 595 993 '
822 977 835 987 „

218 1060 346 1102 Corol.
367 1064 407 1100 2.
439 1058 496 1100 Et
515 1057 737 1099 velocitatis
756 1056 960 1107 maximae,
982 1070 1107 1112 quam
1125 1069 1275 1110 corpus
1287 1055 1331 1096 in
1346 1054 1552 1097 infinitum
1567 1053 1854 1096 descendendo

158 1136 293 1185 potest
311 1143 493 1184 unquam
513 1128 734 1184 acquirere,
757 1127 808 1182 (b)
830 1141 1041 1181 exponens
1062 1134 1124 1168 est
1141 1126 1251 1167 linea
1269 1126 1311 1167 A
1332 1126 1382 1168 C.

220 1202 348 1243 Corol.
371 1207 409 1242 3.
441 1199 574 1256 Igitur
594 1199 627 1239 si
646 1200 689 1239 in
709 1198 803 1239 data
824 1197 959 1254 aliqua
979 1197 1193 1239 velocitate
1212 1204 1485 1253 cognoscatur
1513 1196 1742 1238 resistentia
1768 1211 1854 1237 me-

160 1273 230 1323 dii,
252 1273 479 1314 invenietur
500 1271 692 1313 velocitas
712 1271 907 1321 maxima,
929 1270 1131 1312 sumendo
1150 1270 1282 1325 ipsam
1302 1269 1357 1310 ad
1375 1269 1631 1311 velocitatem
1651 1269 1763 1310 illam
1782 1269 1854 1310 da-

159 1352 243 1385 tam
262 1343 304 1383 in
325 1341 608 1397 subduplicatfi
637 1341 808 1391 ratione,
839 1355 963 1397 quam
990 1340 1115 1382 habet
1127 1340 1188 1382 vis
1207 1340 1416 1396 gravitatis
1448 1339 1496 1394 (ο)
1517 1339 1569 1381 ad
1587 1339 1714 1381 medii
1733 1340 1855 1382 resis-

160 1415 327 1456 tentiam
346 1414 457 1456 illam
477 1413 694 1470 cognitam.

167 1544 988 1586 ApxlCXIQhocaeuobdatumrectangu-
1071 1543 1856 1587 (²³)·ExponemestlineaAc.F·menimAP

162 1587 230 1617 lum
251 1587 264 1616 l
287 1587 313 1618 C
337 1590 371 1624 χ
397 1586 410 1616 1
433 1596 463 1622 ο,
487 1592 524 1617 ut
548 1587 579 1617 A
601 1596 632 1625 p.
678 1587 775 1627 Ergo,
806 1587 988 1618 co'e’untibus
1028 1599 1074 1617 =
1092 1587 1123 1618 A
1141 1587 1179 1623 C,
1204 1593 1236 1618 et
1257 1586 1330 1627 quia
1353 1586 1564 1628 (pei-constr.)
1590 1587 1621 1617 A
1639 1587 1755 1618 P²=
1772 1587 1803 1616 A
1822 1587 1855 1616 K

127 1631 130 1637 ¹
162 1628 285 1669 punctis
307 1628 339 1665 k,
361 1628 382 1665 l,
406 1638 476 1660 area
493 1627 984 1668 hyperbolicaknol=klx
1031 1633 1066 1667 ><
1086 1629 1118 1659 A
1135 1629 1172 1665 C,
1188 1628 1351 1659 eritetiam
1368 1629 1399 1660 A
1418 1629 1512 1659 K=
1529 1627 1857 1669 AC,ide6quecoin-

161 1671 217 1708 lo,
242 1677 288 1702 est
309 1676 346 1701 ut
367 1671 396 1701 A
411 1681 443 1710 p.
492 1670 695 1710 Componitur
717 1670 812 1711 igitur
835 1681 905 1702 areu
924 1677 989 1702 tota
1029 1671 1150 1702 cidente
1175 1670 1313 1702 ordinant
1339 1670 1374 1701 K
1396 1671 1439 1708 N,
1464 1678 1537 1702 cum
1561 1677 1732 1711 asymptoto
1757 1671 1783 1702 C
1808 1671 1855 1708 H,

162 1713 356 1753 hyperbolica
371 1716 391 1743 2
404 1714 435 1743 A
450 1713 479 1743 B
493 1723 514 1743 ο
527 1713 539 1743 1
554 1723 591 1743 ex
605 1713 762 1752 particulis
774 1713 797 1743 k
811 1724 832 1743 n
846 1723 866 1744 ο
879 1713 892 1743 l
906 1713 988 1744 velo-
1031 1724 1101 1744 area
1122 1713 1316 1753 hyperbolica
1337 1713 1369 1744 A
1386 1713 1416 1744 Β
1434 1713 1467 1744 N
1483 1713 1527 1749 K,
1550 1713 1672 1744 infinita
1685 1712 1802 1749 evadet,
1825 1719 1857 1744 et

164 1755 247 1786 citati
264 1755 295 1786 A
310 1765 330 1794 p
345 1765 464 1794 semper
477 1755 763 1795 proportionalibus
786 1761 817 1786 et
830 1755 989 1796 propterea
1030 1756 1165 1795 spatium
1186 1754 1399 1786 descendendo
1423 1755 1610 1795 descriptum
1633 1756 1707 1786 huic
1731 1765 1857 1794 propor-

163 1797 262 1836 spatio
289 1797 446 1828 velocitate
477 1796 535 1827 istri
569 1796 722 1837 descripto
755 1798 989 1837 proportionalis
1032 1797 1145 1829 tionale
1158 1797 1215 1828 erit
1228 1808 1351 1838 quoque
1364 1797 1531 1835 infinitum,
1555 1797 1685 1838 gravitas
1706 1796 1787 1832 vero,
1809 1807 1857 1827 re-

164 1845 218 1870 est.
269 1839 435 1870 Dividatur
450 1839 517 1880 jam
537 1849 607 1869 area
622 1838 677 1869 illa
697 1839 730 1869 in
743 1846 843 1878 partes
859 1840 992 1880 aequales
1032 1839 1168 1871 sistentia
1181 1845 1213 1870 et
1226 1839 1368 1870 velocitas
1381 1840 1515 1879 corporis
1535 1847 1728 1879 exponentur
1747 1844 1802 1878 per
1819 1840 1857 1869 li-

168 1883 198 1912 A
213 1882 242 1919 B
253 1892 285 1911 m
297 1882 326 1919 ἰ;
342 1881 353 1911 ἰ
366 1891 400 1911 m
414 1891 436 1911 n
450 1881 482 1918 k,
498 1881 519 1911 k
533 1891 555 1911 n
568 1881 618 1918 ol,
634 1882 690 1912 διε.
709 1887 740 1912 et
754 1882 831 1912 vires
844 1882 991 1912 absolutae
1008 1914 1011 1915 ⁷
1032 1892 1124 1912 neam
1141 1885 1172 1912 A
1189 1883 1227 1919 C,
1254 1882 1372 1922 eritque
1391 1882 1519 1920 proinde
1537 1882 1705 1917 resistentia
1718 1881 1859 1922 gravitati

168 1925 198 1954 A
217 1923 253 1961 C,
269 1924 280 1953 i
298 1924 333 1959 C,
350 1924 372 1953 k
389 1924 426 1960 C,
447 1923 461 1953 l
476 1922 514 1962 C,
527 1924 583 1954 &c-
612 1930 703 1954 erunt
725 1924 759 1954 in
782 1924 991 1965 progressione
1033 1924 1166 1965 aequalis,
1183 1930 1213 1954 et
1227 1924 1384 1964 propterea
1399 1924 1540 1955 velocitas
1556 1926 1587 1954 A
1606 1925 1632 1955 C
1646 1924 1790 1954 maxima.

165 1965 359 2006 geometrici.
408 1966 449 2002 Q.
467 1975 494 1996 e.
512 1965 543 1996 d.
1075 1966 1122 2008 (ο)
1146 1969 1163 1986 ⁰
1180 1967 1233 1997 Aa
1255 1968 1346 1998 medii
1366 1968 1566 1998 resistemiam
1588 1969 1671 1998 illam
1696 1969 1855 2005 cognitam.

210 2007 255 2048 (⁸)
273 2010 289 2028 ⁴
306 2010 349 2039 Ee
364 2009 427 2039 vice
440 2007 533 2039 versii.
557 2006 656 2038 Simili
669 2007 763 2038 modo
776 2007 849 2038 siin
863 2017 990 2039 ascensu
1035 2007 1118 2039 Cum
1142 2008 1227 2039 enim
1246 2009 1420 2039 velocitates
1441 2009 1502 2039 siut
1522 2009 1555 2038 in
1577 2008 1788 2047 subduplicatfi
1809 2018 1857 2037 ra-

167 2049 309 2088 corporis,
335 2049 468 2088 spatium
489 2059 587 2089 usque
600 2049 640 2079 ad
653 2049 758 2080 motus
770 2050 990 2081 extinctionem
1031 2050 1115 2081 tione
1128 2050 1366 2081 resistentiamm
1382 2053 1452 2092 (per
1468 2051 1573 2091 Hyp.)
1590 2057 1621 2080 et
1634 2050 1802 2081 resistentia
1816 2049 1855 2080 sit

166 2091 396 2121 describendum
407 2098 577 2130 exponatur
587 2101 641 2130 per
651 2101 750 2121 aream
762 2092 988 2131 hyperbolicam
1028 2092 1169 2133 gravitati
1183 2093 1317 2132 aequalis,
1333 2094 1387 2124 ubi
1402 2093 1544 2123 velocitas
1557 2092 1693 2123 maxima
1706 2099 1760 2126 est,
1787 2093 1855 2132 (per

170 2134 199 2163 A
217 2134 246 2164 B
261 2143 284 2162 n
297 2133 319 2163 k
339 2133 451 2172 exponi
461 2139 588 2172 pomum
601 2133 647 2162 vis
660 2134 823 2173 gravitatis,
846 2134 988 2165 velocitas
1003 2150 1005 2153 v
1032 2135 1103 2166 Cor.
1117 2134 1322 2174 2.)xveloeitas
1335 2135 1470 2165 maxima
1483 2135 1541 2165 erit
1550 2134 1590 2165 ad
1600 2134 1788 2165 velocitatem
1801 2134 1855 2163 da-

168 2175 302 2214 corporis
315 2181 347 2207 et
360 2174 528 2207 resistentia
537 2174 632 2206 medii
645 2185 700 2215 per
710 2175 806 2206 lineas
818 2176 849 2207 A
861 2177 898 2213 C,
917 2177 948 2207 A
959 2187 991 2216 p,
1033 2183 1097 2207 tam
1117 2177 1152 2206 in
1176 2176 1388 2215 subduplicata
1402 2177 1520 2207 ratione
1533 2176 1688 2218 gravitatis
1702 2176 1742 2207 ad
1763 2175 1857 2206 medii

173 2219 203 2248 A
217 2217 249 2248 k.
496 2229 498 2231 ·
1034 2218 1235 2249 resistentiam
1247 2218 1332 2249 illam
1346 2218 1510 2260 cognitam.

981 2362 1054 2395 De
