2066 3548
257 230 312 266 84
672 227 1122 272 PHILOSOPHIAE
1154 228 1518 271 NATURALIS
1607 230 1962 281 [Mo'r.Com›on,

249 338 363 383 recta
384 339 543 383 infinita
566 341 596 383 S
621 341 671 384 M
690 341 990 400 longitudinem
1018 342 1049 384 S
1071 341 1122 384 M
1142 342 1343 398 aequalem
1369 349 1591 397 assumptae
1619 342 1660 384 A
1681 342 1745 394 H,
1781 350 1822 386 et
1850 344 1962 402 erige

247 435 590 492 perpendiculum
621 437 674 479 M
695 438 738 480 N
766 438 924 495 aequale
953 437 1158 479 rationum
1193 436 1435 480 differentiae
1464 412 1573 520 {Is}
1601 462 1658 470 -
1681 412 1722 478 El.
1750 438 1886 480 ductae
1914 440 1959 483 in

1689 495 1715 522 e
1939 515 1943 519 .

246 557 399 592 rectam
421 549 605 607 quamvis
625 548 777 592 datam.
839 549 971 593 Simili
990 549 1188 592 methodo
1207 564 1261 592 ex
1281 549 1497 605 assumptis
1517 548 1705 605 pluribus
1732 550 1957 609 longitudi-

244 621 365 662 nibus
396 621 439 663 A
460 620 510 662 H
537 621 784 663 invenienda
812 629 908 663 sunt
935 621 1056 676 plura

244 687 398 748 puncta
438 692 494 742 N,
537 699 579 733 et
611 707 688 747 per
722 693 861 734 omnia
892 692 1054 749 agenda

244 764 295 817 θ’)
318 778 443 805 curva
457 762 564 805 linea
586 762 787 820 regularis
809 763 851 804 N
873 764 914 805 N
931 764 977 805 X
995 764 1050 815 N,

242 849 383 877 secans
422 842 578 877 rectam
615 835 645 876 S
676 834 728 876 M
750 834 802 876 M
823 834 876 876 M
911 835 955 875 in
990 834 1049 876 X.

235 905 490 951 Assumatur
527 906 696 948 demum
730 905 771 947 A
794 905 842 946 H
877 906 1045 962 aequalis

241 979 433 1020 abscissae
456 979 485 1020 S
507 978 567 1028 X,
599 985 641 1019 et
659 976 757 1019 inde
777 977 915 1019 denuo
934 979 1048 1021 inve-

240 1050 376 1091 niatur
404 1048 622 1106 longitudo
643 1048 683 1090 A
708 1048 750 1089 K
762 1063 773 1097 ;
809 1055 850 1090 et
869 1048 1049 1107 longitu-

238 1119 369 1171 dines,
392 1135 486 1176 quae
506 1120 588 1160 sint
607 1118 661 1160 ad
681 1127 931 1173 assumptam
951 1120 1252 1177 longitudinem
1268 1122 1308 1163 A
1325 1122 1346 1163 I
1368 1128 1410 1163 et
1427 1121 1536 1163 hanc
1554 1121 1740 1163 ultimam
1761 1121 1803 1162 A
1819 1119 1881 1170 H,
1902 1125 1950 1162 ut

237 1189 455 1247 longitudo
476 1191 517 1231 A
540 1188 582 1231 K
602 1203 678 1244 per
698 1189 1025 1244 experimentum
1046 1192 1212 1248 cognita
1231 1192 1284 1234 ad
1304 1192 1450 1234 ultimo
1479 1192 1689 1233 inventam
1718 1189 1942 1247 longitudi-

236 1277 333 1305 nem
354 1263 395 1304 A
417 1262 473 1312 K,
507 1269 629 1303 erunt
646 1274 756 1301 verae
789 1260 872 1302 illae
901 1262 1181 1319 longitudines
1211 1264 1252 1305 A
1273 1263 1295 1305 I
1325 1271 1366 1305 et
1395 1265 1436 1305 A
1458 1263 1520 1313 H,
1555 1264 1606 1318 (⁰)
1635 1277 1735 1318 quas
1768 1260 1953 1303 invenire

236 1333 432 1389 oportuit.
478 1332 611 1374 Hisce
625 1330 724 1373 vero
736 1331 840 1373 datis
860 1332 1026 1375 dabitur
1046 1342 1087 1376 et
1106 1334 1336 1376 resistentia
1348 1335 1474 1376 medii
1485 1336 1529 1376 in
1543 1335 1636 1376 loco
1654 1334 1708 1384 A,
1726 1334 1778 1388 (P)
1792 1333 1946 1388 quippe

234 1419 327 1460 quae
348 1404 401 1446 sit
419 1403 473 1445 ad
492 1403 576 1445 vim
595 1401 805 1459 gravitatis
826 1409 874 1444 ut
894 1403 935 1444 A
953 1404 1003 1445 H
1021 1405 1075 1446 ad
1094 1410 1121 1462 g.
1143 1405 1184 1446 A
1206 1404 1241 1447 Ι.
1301 1404 1508 1461 Augenda
1528 1412 1590 1447 est
1608 1412 1744 1445 autem
1763 1402 1946 1444 densitas

233 1475 359 1517 medii
377 1490 453 1531 per
476 1475 582 1531 Reg.
604 1479 644 1514 4.
665 1480 707 1514 et
725 1473 957 1516 resistentia
975 1476 1101 1518 modo
1121 1476 1299 1527 inventa,
1333 1477 1386 1531 (⁴1)
1408 1476 1442 1518 si
1466 1475 1510 1518 in
1527 1460 1671 1517 effidem
1692 1473 1851 1517 ratione
1869 1487 1944 1515 au-

232 1553 391 1603 geatur,
413 1544 486 1586 fiet
504 1540 745 1585 accuratior.

291 1619 394 1673 Reg.
420 1624 459 1659 8.
492 1617 540 1672 (Γ)
563 1613 748 1657 Inventis
767 1613 1093 1672 longitudinibus
1118 1617 1158 1658 A
1181 1616 1243 1667 H,
1267 1615 1317 1658 H
1338 1615 1383 1657 X
1395 1631 1407 1665 3
1439 1615 1473 1657 si
1485 1616 1573 1671 jam
1592 1614 1848 1656 desideretur
1864 1627 1942 1668 po-

233 1688 326 1731 sitio
346 1696 469 1731 rectae
491 1689 531 1730 A
554 1687 616 1738 H,
639 1690 868 1732 secundum
888 1703 1011 1745 quam
1030 1687 1255 1744 projectile,
1277 1685 1373 1728 data
1392 1686 1461 1728 ills
1483 1701 1577 1727 cum
1593 1685 1806 1727 velocitate
1820 1684 1958 1726 emis--

234 1776 325 1802 sum
359 1760 504 1802 incidit
534 1760 578 1801 in
611 1769 811 1815 punctum
844 1759 1017 1817 quodvis
1041 1759 1106 1800 K:
1143 1758 1196 1800 ad
1216 1766 1371 1814 puncta
1389 1758 1430 1799 A
1450 1765 1492 1799 et
1513 1757 1555 1798 K
1586 1757 1796 1813 erigantur
1815 1762 1940 1797 rectae

231 1834 273 1874 A
295 1833 344 1883 C,
379 1833 421 1875 K
443 1833 479 1874 F
506 1833 712 1875 horizonti
739 1830 1114 1890 perpendiculares,
1152 1833 1326 1887 quarum
1357 1830 1397 1871 A
1420 1829 1456 1871 C
1485 1829 1680 1871 deorsum
1708 1828 1865 1878 tendat,
1895 1835 1939 1869 et

231 1911 416 1960 aequetur
436 1903 516 1959 ipsi
536 1904 577 1946 A
599 1904 620 1946 I
642 1920 713 1947 seu
734 1905 757 1956 ὲ
782 1905 831 1947 Η
851 1904 910 1946 Χ.
971 1903 1228 1959 Asymptotis
1250 1902 1290 1943 A
1314 1901 1369 1952 K,
1394 1900 1436 1943 K
1459 1900 1494 1942 F
1515 1901 1561 1956 (¹)
1583 1900 1840 1942 describatur
1858 1899 1937 1956 hy-

229 1977 412 2032 perbola,
445 1978 560 2034 cujus
589 1980 809 2036 conjugata
837 1985 1019 2019 transeat
1038 1991 1114 2032 per
1133 1984 1335 2032 punctum
1358 1976 1408 2026 C,
1439 1983 1663 2032 centroque
1685 1976 1726 2016 A
1746 1982 1788 2017 et
1805 1975 1936 2017 inter-

230 2048 337 2089 vallo
350 2049 399 2089 -A
420 2048 469 2090 H
497 2048 752 2091 describatur
781 2048 957 2091 circulus
988 2062 1130 2090 secans
1157 2046 1427 2104 hyperbolam
1455 2046 1568 2088 illam
1595 2046 1640 2087 in
1672 2053 1829 2102 puncto
1859 2045 1934 2097 H3

273 2176 319 2217 (¹¹)
337 2178 354 2197 ¹*
374 2178 474 2209 Curva
489 2180 646 2218 regularis.
695 2178 777 2210 Vide
791 2184 897 2210 notam
911 2180 963 2210 75.
984 2177 1054 2209 Lib.
1100 2182 1174 2213 tam,
1198 2182 1290 2217 atque
1304 2176 1396 2207 etiam
1411 2181 1447 2207 ut
1466 2174 1722 2215 perpendiculum
1739 2176 1769 2206 A
1786 2176 1805 2207 I
1819 2176 1852 2207 in
1866 2185 1932 2207 me.

231 2218 333 2260 hujus-
1101 2219 1154 2250 dio
1176 2219 1336 2250 resistente
1360 2218 1400 2249 ad
1421 2218 1673 2258 perpendiculum
1693 2220 1723 2249 A
1740 2218 1758 2249 1
1779 2219 1810 2249 in
1825 2220 1930 2250 charta

263 2260 319 2309 '(⁰)
337 2263 354 2280 ’¹‘
376 2263 456 2296 Quas
471 2264 605 2294 invenire
619 2265 756 2304 oportuit.
807 2262 888 2296 Ciam
904 2263 990 2293 enim
1004 2264 1058 2293 ab·
1102 2267 1303 2301 assumptum.
1353 2261 1477 2296 Quibus
1499 2260 1640 2298 inventis
1669 2260 1798 2292 describi
1819 2261 1931 2300 poterit

230 2312 321 2334 scissa
337 2303 359 2334 S
375 2304 414 2334 M
429 2303 617 2346 longitudini
639 2312 803 2345 assumptae
827 2306 857 2336 A
876 2306 911 2336 H
935 2305 1060 2346 aequalis
1102 2304 1268 2344 hyper-bola
1293 2303 1400 2334 similis
1421 2309 1452 2334 et
1476 2303 1602 2343 aequalis
1625 2302 1807 2342 hypaboIae,
1833 2313 1928 2344 quam

246 2370 253 2377 .
380 2371 388 2378 .
522 2373 529 2380 .
642 2373 650 2380 .
687 2349 718 2379 A
730 2349 764 2379 K
849 2348 871 2378 d
1100 2356 1210 2386 corpus
1223 2346 1257 2377 in
1270 2345 1373 2376 medio
1386 2345 1542 2376 resistente
1556 2344 1721 2386 descripsit.

230 2377 279 2408 Sit,
295 2377 325 2402 et
333 2377 488 2402 rationum
499 2372 670 2405 differenua
687 2393 757 2399 -—
781 2391 824 2400 —
839 2390 878 2396 --
888 2379 1058 2413 exponatur

231 2449 284 2478 per
305 2439 476 2471 ordinatam
501 2441 541 2472 M
556 2442 609 2480 N;
636 2402 757 2474 ubiffii
772 2443 793 2474 s
809 2411 908 2473 ΜΞ
927 2443 948 2473 s
971 2442 1005 2473 x
1027 2447 1058 2473 et
1097 2412 1925 2496 ὀδεξζεέζὲζρὶζᾳζξῇξξῇζῗῃζᾘῗξῇξῆ,ἓ

230 2507 359 2546 Proinde
375 2508 414 2539 M
430 2508 464 2539 N
476 2522 523 2551 =
538 2519 566 2546 ⁰·
589 2516 635 2541 est
648 2510 740 2543 etiam
759 2485 841 2568 {ff
857 2527 900 2536 -
912 2484 952 2567 -ἓ
963 2522 1009 2539 -·
1024 2519 1053 2546 ο»
1096 2521 1232 2554 sistentia
1241 2529 1286 2554 est
1296 2522 1335 2554 ad
1343 2522 1521 2565 gravitatem
1531 2529 1567 2554 ut
1577 2523 1693 2555 Anae
1706 2497 1920 2592 ἳζᾞῗχ

377 2577 468 2660 ²³¹1}
482 2616 528 2633 ==
543 2578 594 2662 ἓ,
620 2610 711 2654 atque
739 2606 760 2636 S
778 2606 811 2636 X
831 2603 955 2645 aequalis
979 2613 1056 2634 verae
1102 2604 1133 2634 A
1150 2603 1178 2640 1,
1194 2604 1251 2634 hoc
1265 2608 1320 2640 est,
1335 2608 1372 2634 ut
1388 2602 1419 2634 A
1435 2602 1471 2633 H
1485 2603 1524 2634 ad
1539 2593 1566 2645 ἓν
1583 2601 1614 2633 A
1631 2602 1658 2639 1,
1674 2603 1714 2633 ob
1728 2611 1806 2632 n=
1821 2605 1835 2633 1
1855 2603 1926 2643 (per

231 2668 416 2710 longitudini
438 2672 627 2704 assumendae
645 2674 675 2703 A
689 2657 729 2703 Ἠ
746 2675 814 2715 (per
828 2679 890 2703 not.
908 2671 1054 2711 praeced.)
1098 2645 1205 2730 H{p))
1219 2690 1234 2709 3
1259 2689 1292 2719 Sl·
1309 2689 1343 2719 in
1367 2690 1470 2719 eadem
1493 2688 1607 2718 mm
1631 2693 1791 2727 augeatur.
1838 2685 1924 2717 Nm

235 2711 267 2760 Si
279 2712 382 2761 itaque
397 2724 433 2763 ex
446 2714 524 2766 datis
544 2715 762 2755 perpendiculo
779 2715 809 2746 A
827 2716 844 2746 1
860 2721 890 2745 et
904 2713 975 2745 vei-3.
989 2714 1056 2744 lon·
1099 2729 1171 2761 data
1194 2729 1359 2768 velocitate,
1389 2729 1557 2761 resistentia
1581 2735 1626 2760 est
1649 2735 1686 2760 ut
1706 2728 1800 2760 medii
1821 2727 1924 2760 flend,

231 2754 372 2794 gitudme
400 2763 523 2788 inventa
549 2758 579 2788 A
604 2758 639 2788 H
669 2767 741 2788 cum
766 2758 881 2798 angulo
909 2757 943 2786 H
969 2758 999 2787 A
1026 2758 1058 2787 N
1099 2778 1153 2804 tas·

231 2802 570 2881 3535253‘’fi}2‡:3'531
586 2800 760 2873 Ῑῗέἕὲξὲἓέἱ,
773 2799 1058 2873 ῒωῖῑεὲῗὲἒΐζ
1103 2825 1922 2910 Inggffissffiugptgfflegcfissfgufhgiffi{23⁸3

231 2881 337 2953 3¹33ss
350 2881 827 2968 ῗξὲἔᾚῗζῃὲᾯζὲἳὲξᾷυῗ
837 2885 874 2958 ἒ
885 2883 1059 2956 ἔιῑζὲεἰῖζ
1101 2913 1193 2943 datur
1206 2913 1287 2943 linea
1296 2912 1338 2942 'H
1351 2912 1397 2948 X,
1412 2918 1449 2942 ut
1462 2918 1532 2952 pote
1546 2921 1615 2952 quae
1624 2911 1748 2952 aequalis
1761 2916 1807 2942 est
1817 2914 1837 2942 2
1849 2910 1882 2942 A
1891 2908 1923 2948 I,

231 2970 355 2996 ventam
377 2968 410 2997 in
431 2968 542 3004 charta,
571 2976 606 2999 ut
627 2969 789 3011 longitudo
807 2970 836 3000 A
854 2969 889 2999 H
904 2968 937 2998 in
958 2968 1060 3000 medio
1102 2957 1142 2987 ob
1155 2965 1177 2985 ¹¹
1190 2968 1236 2984 =
1254 2958 1282 2993 ι»
1299 2954 1396 2997 (398·
1415 2953 1463 2994 5·)

232 3007 389 3040 misteute
403 3009 443 3041 ad
457 3010 683 3052 longitudinem
707 3013 739 3043 A
757 3012 792 3043 H
814 3012 847 3042 in
861 3009 966 3043 chart&
982 3010 1058 3042 duc·
1144 3011 1186 3054 (⁸)
1203 3014 1221 3033 *⁸
1237 3012 1436 3045 ,veser-ibatur
1448 3012 1614 3052 hyperbata.
1640 3012 1728 3054 (846.
1747 3008 1817 3042 Lib.
1831 3007 1880 3050 1.)

232 2607 262 2632 et
284 2601 353 2632 ideo
