2066 3548
213 251 298 288 218
640 240 1092 286 PHILOSOPHIAE
1123 238 1485 283 NATURALIS
1551 238 1697 292 [Mo-r.
1713 238 1931 286 Conmssc

210 358 253 400 A
275 357 312 399 B
333 363 374 399 et
396 356 439 398 K
463 355 498 398 L
517 355 655 412 quoad
675 369 841 397 sensum
861 361 1088 404 evanescat,
1110 360 1151 394 et
1162 367 1267 394 vena
1282 366 1400 407 aquae
1418 351 1726 393 horizontaliter
1745 350 1917 393 exilien-

208 430 261 471 tis
281 429 457 486 figuram
482 427 761 483 parabolicam
789 425 1000 467 efformet:
1033 426 1084 480 (5)
1106 439 1160 465 ex
1179 424 1307 464 latere
1327 431 1441 464 recto
1460 422 1582 478 hujus
1602 422 1811 478 parabolae
1831 410 1936 464 col?

207 500 370 556 ligetur,
393 499 507 555 quod
526 499 719 540 velocitas
739 514 857 556 aquae
877 499 1079 541 effluentis
1099 514 1149 540 ea
1168 499 1221 539 sit
1241 513 1364 553 quam
1385 512 1535 551 corpus
1555 498 1607 539 ab
1627 512 1747 552 aquae
1764 498 1809 538 in
1821 512 1919 539 vase

208 570 434 626 stagnantis
468 568 688 609 altitudine
719 568 767 609 H
790 569 833 610 G
860 569 925 610 vel
956 569 978 610 I
1001 569 1044 610 G
1073 568 1259 609 cadendo
1287 567 1498 622 acquirere
1517 567 1727 621 potuisset.
1787 567 1933 608 Facto·

206 640 349 696 utique
369 639 655 693 experimento
674 639 812 680 inveni
833 638 958 695 quod,
995 639 1029 679 si
1059 638 1232 679 altitudo
1262 652 1380 693 aquae
1411 637 1638 692 stagnantis
1661 651 1788 691 supra
1807 636 1918 678 fora-

207 716 304 753 men
324 716 429 751 esset
448 709 592 765 viginti
611 708 836 765 digitorum
856 716 898 749 et
917 707 1090 748 altitudo
1110 706 1322 748 foraminis
1353 721 1479 761 supra
1506 706 1678 760 planum
1706 705 1912 747 horizonti

206 782 450 838 parallelum
468 790 576 824 esset
595 797 760 839 quoque
791 781 936 837 viginti
956 780 1194 836 digitorum,
1224 793 1330 820 vena
1347 794 1465 834 aquae
1483 778 1735 833 prosilientis
1756 777 1915 819 incide-

208 864 272 897 ret
302 856 347 896 in
378 855 550 910 planum
585 855 689 896 illud
715 855 769 896 ad
796 854 1030 895 distantiam
1064 853 1289 909 digitorum
1314 855 1367 896 37
1401 851 1562 893 circiter
1581 867 1606 892 a
1625 850 1933 906 perpendiculo·

207 928 322 985 quod
340 929 384 969 in
403 928 577 983 planum
595 927 698 968 illud
720 943 745 968 a
764 927 966 968 foramine
995 925 1288 967 demittebatur
1309 930 1483 978 captam.
1545 923 1656 964 Nam
1685 922 1772 963 sine
1800 922 1920 963 resis-

207 999 347 1050 tentia,
369 1015 474 1041 vena
495 1000 545 1055 (Ζ)
566 999 749 1041 incidere
768 999 980 1040 debuisset
998 997 1041 1038 in
1061 997 1233 1052 planum
1251 995 1355 1037 illud
1368 995 1421 1037 ad
1436 995 1672 1037 distantiam
1691 994 1934 1051 digitorum.

207 1078 276 1122 40,
299 1073 498 1115 existente
514 1088 631 1114 venae
651 1071 900 1127 parabolicae
920 1071 1047 1111 latere
1067 1078 1181 1111 recto
1201 1069 1424 1124 digitorum
1448 1074 1517 1110 80.
1888 1076 1889 1079 ’
1907 1109 1911 1113 ,

270 1146 359 1187 Cas.
382 1152 422 1187 4.
491 1146 607 1195 Quin
627 1145 748 1186 etiam
771 1159 877 1200 aqua
897 1143 1081 1193 effluens,
1114 1143 1148 1184 si
1169 1157 1333 1183 sursum
1352 1141 1520 1192 feratur,
1549 1140 1694 1182 eadem
1713 1140 1924 1198 egreditur

208 1230 303 1257 cum
323 1216 552 1258 velocitate.
613 1215 813 1257 Ascendit
832 1215 943 1256 enim
963 1229 1082 1270 aquae
1095 1213 1304 1255 ‚exilientis
1325 1227 1429 1254 vena
1447 1226 1576 1267 parva
1604 1219 1721 1252 motu
1744 1225 1922 1266 perpen-

208 1286 381 1327 diculari
402 1287 455 1328 ad
475 1302 595 1343 aquae
614 1286 659 1327 in
679 1301 774 1328 vase
796 1284 1022 1342 stagnantis
1043 1283 1302 1325 altitudinem
1325 1282 1367 1324 G
1390 1282 1438 1323 H
1458 1281 1524 1323 vel
1546 1281 1588 1323 G
1610 1281 1646 1331 I,
1677 1281 1758 1322 nisi
1777 1281 1922 1337 quate-

207 1372 287 1399 nus
322 1372 514 1399 ascensus
550 1358 636 1413 ejus
672 1357 724 1399 ab
755 1356 860 1398 aeris
895 1353 1124 1397 resistentia
1156 1353 1454 1410 aliquantulum
1489 1351 1757 1406 impediatur3
1794 1351 1846 1406 (²)
1875 1365 1935 1405 ac¹

206 1428 385 1483 proinde
405 1427 452 1469 ea
474 1427 603 1470 effluit
623 1442 718 1469 cum
738 1426 954 1468 velocitate
974 1439 1098 1481 quam
1119 1424 1170 1466 ab
1191 1423 1406 1465 altitudine
1425 1421 1495 1463 illa
1510 1421 1697 1463 cadendo
1712 1420 1934 1476 acquirere,

175 1534 180 1539 .
206 1498 420 1553 potuisset.
494 1499 631 1554 Aquae
672 1497 901 1554 stagnantis
944 1495 1147 1551 particula
1189 1508 1452 1550 unaquaeque
1494 1491 1678 1547 undique
1721 1491 1926 1546 premitur

207 1568 421 1624 aequaliter
442 1572 535 1624 (per
556 1569 684 1623 Prop.
705 1568 837 1609 XIX.
861 1566 956 1609 Lib.
980 1567 1059 1619 ΙΙ.)
1090 1574 1132 1607 et
1149 1565 1352 1620 pressioni
1371 1563 1559 1605 cedendo
1588 1560 1738 1618 aequali
1766 1562 1926 1616 impetu

205 1638 251 1680 in
271 1653 413 1680 omnes
433 1646 572 1693 partes
601 1639 743 1689 fertur,
781 1639 865 1680 sive
885 1638 1108 1681 descendat
1135 1653 1212 1694 per
1240 1637 1426 1678 foramen
1453 1636 1497 1677 in
1527 1635 1659 1677 fundo
1686 1635 1808 1686 vasis,
1840 1635 1924 1677 sive

205 1709 516 1753 horizontaliter
536 1711 674 1753 effluat
693 1726 769 1767 per
787 1711 974 1753 foramen
994 1712 1038 1752 in
1059 1713 1147 1767 ejus
1167 1711 1309 1761 latere,
1333 1711 1418 1752 sive
1435 1709 1671 1767 egrediatur
1682 1709 1726 1749 in
1740 1707 1925 1750 canalem

207 1790 249 1823 et
268 1782 366 1823 inde
386 1782 581 1823 ascendat
599 1796 675 1836 per
694 1782 880 1823 foramen
906 1796 1081 1837 parvum
1111 1782 1155 1822 in
1185 1782 1396 1836 superiore
1426 1780 1578 1821 canalis
1609 1786 1727 1833 parte
1756 1778 1922 1819 factum.

213 1851 271 1893 Et
299 1852 558 1893 velocitatem
578 1850 659 1907 qua
681 1866 788 1907 aqua
817 1851 946 1893 effluit
975 1866 1064 1892 eam
1094 1865 1195 1901 esse,
1232 1864 1354 1906 quam
1376 1851 1419 1890 in
1438 1848 1517 1889 hae
1539 1847 1828 1903 Propositione
1857 1861 1923 1889 as—

209 1963 315 2005 (272),
339 1969 394 1994 aut
416 1963 500 2003 quod
522 1963 604 1993 idem
626 1968 682 2000 est,
705 1963 738 1992 in
757 1962 875 1993 ratione
889 1960 1046 2001 duplicata
1087 1968 1186 1993 meter
1213 1963 1246 1993 D
1264 1962 1300 1992 H
1323 1972 1378 1993 seu
1403 1960 1554 1992 verticalis
1577 1961 1606 1992 B
1624 1960 1658 1993 D
1680 1961 1830 2001 producta
1852 1962 1918 2002 (402

208 2016 288 2036 areae
302 2005 411 2036 circuli
427 2006 457 2036 E
477 2006 503 2036 F
518 2005 559 2035 ad
573 2015 675 2036 aream
687 2005 795 2036 circuli
813 2006 842 2035 A
858 2006 896 2042 B,
912 2003 1045 2045 ide6que
1091 2005 1162 2036 Lib.
1183 2005 1240 2044 L),
1265 2004 1404 2043 capiatur
1417 2004 1548 2036 abscissa
1570 2005 1604 2036 D
1622 2005 1658 2035 H
1679 2004 1805 2044 aequalis
1818 2003 1924 2034 altitu-

208 2048 235 2078 si
249 2048 326 2078 ratio
344 2048 373 2078 E
392 2048 418 2078 F
434 2048 474 2078 ad
491 2048 523 2077 A
541 2048 570 2078 B
585 2057 678 2086 parva
692 2048 740 2086 sit,
756 2048 859 2078 minor
873 2047 975 2078 adhuc
985 2047 1043 2077 erit
1087 2047 1153 2078 dini
1171 2048 1200 2077 B
1219 2048 1262 2083 D,
1279 2047 1471 2088 ducaturque
1485 2047 1626 2078 ordinata
1649 2046 1685 2076 H
1702 2047 1739 2082 Z,
1761 2056 1831 2086 quae
1853 2051 1924 2076 tan--

208 2090 286 2120 ratio
311 2090 329 2120 I
346 2090 382 2119 H
398 2089 438 2120 ad
454 2090 470 2120 Ι
489 2090 531 2128 G,
556 2096 587 2121 et
610 2090 647 2120 H
666 2090 707 2128 G,
732 2091 750 2121 I
769 2091 799 2122 G
814 2096 905 2122 erunt
918 2090 958 2121 ad
972 2099 1040 2120 sen·
1086 2089 1172 2130 genti
1190 2089 1223 2119 D
1241 2089 1271 2119 T
1284 2088 1431 2127 parallela
1450 2090 1529 2127 erit;
1552 2096 1582 2120 et
1597 2098 1660 2128 quo
1680 2095 1818 2127 tempore
1833 2093 1926 2128 gutta

209 2142 281 2162 sum
295 2132 438 2173 aequales.
906 2141 909 2144 '
1085 2142 1174 2172 aquae
1189 2131 1219 2161 vi
1233 2131 1389 2171 gravitatis
1403 2131 1542 2162 cadendo
1556 2130 1754 2162 altitudinem
1777 2130 1805 2160 B
1825 2130 1858 2160 D
1874 2129 1923 2160 vel

1092 2174 1126 2205 D
1140 2174 1177 2204 H
1192 2172 1334 2205 describit
1348 2174 1496 2204 uniformi
1510 2173 1565 2203 illa
1576 2172 1734 2203 velocitate
1766 2180 1837 2202 uam
1850 2181 1922 2202 casu

1090 2226 1146 2256 per
1163 2217 1191 2247 B
1209 2217 1242 2247 D
1257 2217 1426 2257 acquisivit,
1442 2216 1584 2247 descn'bit
1598 2214 1754 2255 longitudi
1777 2224 1826 2245 em
1844 2214 1879 2244 H
1894 2213 1920 2244 Ζ

1091 2258 1188 2298 ipsius
1215 2259 1243 2290 B
1269 2259 1302 2289 D
1327 2258 1376 2288 vel
1401 2259 1434 2289 D
1459 2258 1494 2288 H
1520 2257 1657 2296 duplam,
1683 2259 1749 2298 (50.
1769 2256 1839 2287 Lib.
1860 2255 1919 2295 L).

1093 2301 1193 2332 Latus
1217 2307 1336 2331 rectum
1355 2300 1507 2340 parabolae
1533 2300 1566 2331 D
1590 2300 1621 2330 N
1644 2299 1680 2336 Z,
1705 2297 1862 2338 pertinens
1881 2297 1923 2328 nd

1091 2357 1275 2400 diametrum
1293 2369 1326 2400 D
1339 2369 1375 2399 H
1385 2375 1431 2399 est
1442 2342 1485 2425 Ili)
1496 2342 1547 2424 ἐξ
1565 2366 1693 2409 (Theor.
1708 2365 1736 2397 1.
1751 2365 1790 2417 de
1799 2364 1920 2405 parab.)

1090 2436 1222 2477 ide6que
1236 2436 1307 2468 cum
1322 2437 1361 2467 sit
1377 2436 1413 2468 H
1431 2437 1456 2466 Z
1468 2449 1514 2466 =
1526 2439 1546 2466 2
1559 2435 1592 2466 D
1606 2435 1642 2465 H
1653 2437 1729 2464 =2
1744 2434 1773 2464 B
1785 2433 1826 2468 D,
1840 2431 1923 2462 latu·

1090 2486 1209 2510 rectum
1224 2486 1270 2509 est
1284 2483 1304 2509 4
1322 2480 1350 2509 B
1369 2480 1411 2509 D.
1461 2479 1563 2519 Igitur
1576 2476 1708 2508 altitudo
1725 2476 1753 2506 B
1771 2475 1805 2506 D
1826 2484 1919 2514 quam

1091 2532 1172 2561 aqua
1193 2521 1331 2552 cadendo
1353 2521 1521 2551 describere
1549 2519 1639 2550 debet
1663 2524 1698 2548 ut
1727 2517 1922 2548 velocitatem

1091 2565 1227 2604 acquirat
1241 2573 1312 2594 cum
1327 2562 1388 2603 qua
1402 2573 1420 2592 e
1434 2562 1502 2593 loco
1519 2562 1552 2593 D
1566 2560 1661 2597 exilit,
1677 2565 1723 2590 est
1736 2565 1923 2600 quartapars

1090 2605 1194 2636 lateris
1202 2605 1325 2636 rectiad
1339 2605 1523 2635 diametrum
1541 2603 1574 2634 D
1587 2602 1623 2634 H
1638 2601 1793 2642 parabola
1803 2602 1838 2633 D
1850 2600 1883 2632 N
1894 2600 1921 2631 Z

1091 2647 1280 2688 pertinentis.

1138 2710 1188 2751 (²)
1205 2712 1223 2730 ⁴*
1239 2711 1380 2741 Incidere
1394 2709 1536 2740 debuisset
1550 2709 1585 2738 in
1596 2709 1726 2748 planum
1740 2708 1827 2738 illud.
1875 2704 1929 2748 Sit·

1094 2752 1177 2782 enim
1199 2751 1332 2782 altitudo
1355 2751 1382 2782 B
1401 2751 1434 2781 D
1448 2763 1493 2779 =
1512 2750 1545 2780 D
1564 2750 1597 2780 H
1615 2749 1702 2790 digit„
1721 2753 1773 2785 20,
1796 2754 1828 2779 et
1847 2747 1920 2788 quin

1096 2795 1125 2825 B
1138 2795 1171 2825 D
1182 2800 1228 2825 est
1241 2804 1310 2833 pars
1319 2799 1426 2834 quarta
1439 2792 1540 2822 lateris
1554 2792 1627 2822 recti
1639 2791 1789 2831 parabolae
1803 2791 1835 2821 D
1843 2790 1874 2820 N
1884 2789 1920 2825 Ζ,

1093 2846 1282 2877 quamnqua
1295 2835 1361 2866 sine
1371 2833 1538 2865 resistentia
1546 2834 1737 2870 describeret,
1753 2833 1833 2863 latus
1842 2830 1921 2862 illud

1092 2885 1211 2909 rectum
1237 2884 1282 2908 est
1303 2877 1389 2918 digit.
1416 2880 1467 2913 80,
1492 2882 1523 2906 et
1545 2876 1684 2907 ordinata
1701 2875 1736 2906 H
1754 2875 1779 2905 Z
1795 2872 1922 2915 aequalis

1093 2925 1112 2951 2
1131 2922 1164 2952 D
1183 2922 1216 2951 H
1240 2926 1285 2950 est
1305 2919 1391 2960 digit.
1409 2922 1460 2949 40.
1479 2919 1652 2949 differentia
1673 2922 1703 2948 8.
1728 2916 1816 2958 digit.
1841 2916 1920 2946 inter

257 2897 301 2938 (Υ)
320 2899 337 2919 *
357 2899 406 2930 Ex·
419 2899 511 2929 latere
534 2903 614 2928 recto
628 2897 721 2938 hujus
731 2896 893 2937 parabola.
940 2895 1044 2935 Aquae

213 2946 302 2980 gutta
316 2940 416 2971 eloco
434 2941 476 2977 D,
499 2939 672 2970 secundum
694 2938 892 2970 directionem
911 2937 1044 2978 quamli-
1113 2963 1121 2969 ,
1205 2964 1213 2970 ,
1469 2960 1475 2967 .
1501 2961 1509 2968 .
1608 2961 1616 2967 .
1699 2959 1719 2966 ..
1789 2959 1795 2965 .

212 2983 266 3012 bet
290 2983 319 3011 D
335 2983 364 3012 T
387 2983 491 3012 exiliat
505 2992 575 3012 cum
592 2981 628 3012 ‘35
643 2982 802 3012 velocitate
822 2989 915 3020 quam
930 2989 984 3018 per
997 2979 1043 3009 al—
1089 2963 1248 2994 distantias
1262 2966 1313 2993 40.
1330 2967 1362 2992 et
1378 2965 1427 2992 87.
1446 2960 1532 3002 digit.
1558 2966 1736 2991 resistemus
1758 2956 1919 2990 tribuenda

213 3023 378 3054 titudinem
408 3025 436 3055 B
463 3025 496 3054 D
525 3024 663 3054 cadendo
691 3023 846 3064 acquirere
874 3027 982 3062 potest,
1012 3027 1044 3052 et
1088 3012 1142 3036 ‘³⁸²‘

213 3065 333 3096 sublata
359 3066 452 3095 medii
482 3065 660 3103 resistentia,
690 3065 840 3097 describat
867 3064 1043 3104 parabolam
1133 3061 1179 3103 (⁸)
1198 3064 1214 3082 ⁴*
1231 3063 1281 3093 Ac
1292 3061 1419 3101 proinde
1431 3058 1468 3092 ed
1482 3061 1579 3102 qffluil
1596 3070 1669 3092 cum
1683 3059 1835 3091 velocitate
1849 3056 1916 3097 (2⁵-

217 3109 250 3139 D
268 3108 299 3138 N
317 3108 350 3145 Z,
374 3108 463 3148 cujus
478 3115 578 3137 vertex
605 3109 647 3144 D,
671 3114 801 3148 tangens
819 3108 850 3137 D
868 3107 906 3144 T,
933 3112 964 3137 ct
978 3106 1043 3137 ‹lia-
1090 3109 1142 3136 26.
1165 3104 1234 3135 Lib.
1256 3104 1314 3142 1.)-
