2066 3548
163 281 312 324 Lmen
330 278 547 326 Saeuum]
589 272 907 316 PRINCIPIA
938 271 1434 316 MATHEMATICA.

163 394 228 425 sive
251 393 278 424 C
292 403 310 424 c
322 404 369 422 =
383 401 415 421 m
431 401 450 421 x
472 394 506 427 Χ
527 393 578 421 .0’1
600 389 664 420 sive
683 387 801 419 circiter
821 393 907 418 sexta
926 398 996 426 pars

165 435 319 467 intervalli
332 440 485 473 apuncto
508 432 537 463 B
560 431 703 471 descripti
727 429 836 461 eodem
858 436 996 470 tempore

165 488 228 520 quo
242 477 372 519 acquirit
386 476 576 506 celeritatem
590 484 635 504 m.
970 516 978 522 ι

223 520 270 551 Et
303 519 441 551 celeritas
467 528 488 548 a
521 523 638 556 puncto
675 516 702 547 C
738 521 815 546 tunc
849 521 995 553 temporis

167 562 314 603 acquisita
355 561 412 592 erit
454 559 564 591 iisdem
605 558 872 589 substitutionibus
906 557 995 587 factis

165 641 198 661 m
220 606 467 678 X(8.57><8.57
477 645 520 652 -
531 602 914 663 2x3.57><3.57><8.57‚
935 625 1007 668 δια)

165 711 212 728 =
228 708 259 728 ιιι
277 702 310 735 χ
328 699 415 734 ,279,
429 696 486 727 &a
501 694 622 725 circiter
634 693 657 736 ἑ
670 692 830 724 celeritatis
843 702 886 722 m.

212 756 260 784 ll.
289 751 384 788 Quod
404 751 430 780 si
451 757 578 781 eventus
599 754 755 789 quaeratur
777 748 810 777 in
831 748 993 788 hypothesi

167 795 358 826 velocitatem
372 797 482 823 m'non
498 802 562 822 esse
576 791 832 833 quamminimam
845 803 855 828 ;
879 801 992 831 suppo.

166 844 258 868 natur
279 836 332 867 illa
354 836 479 876 aequalis
499 834 557 874 ipsi
578 845 612 871 s;
639 833 664 863 si
684 838 839 874 quaeratur
859 833 992 873 spatium

167 879 352 918 descriptum
375 889 394 908 a
414 883 530 917 puncto
554 878 592 913 B,
617 875 693 906 dum
714 876 781 916 ejus
795 875 937 906 velocitas
957 876 994 906 fit

166 932 208 957 m,
225 922 280 952 fiat
293 921 384 951 series
401 921 430 950 T
447 920 479 950 V
494 932 540 948 =
555 929 598 956 m,
614 925 646 948 et
658 924 790 957 utroque
803 917 899 948 ducto
912 918 944 948 in
960 929 992 955 x,

166 965 223 994 erit
237 975 258 994 x
276 964 306 994 T
321 963 353 993 V
366 976 412 992 =
427 973 459 992 m
475 972 505 998 x,
521 971 595 1002 ergo
608 959 719 991 collata
733 959 810 989 serie
823 970 844 990 x
860 961 890 992 Τ
906 961 946 996 V,
963 966 995 991 et

170 1006 197 1037 F
213 1007 243 1037 T
259 1006 290 1037 V
311 1005 471 1036 habebitur
491 1005 570 1035 ratio
590 1003 758 1042 spatiorum
779 1012 994 1041 per-cursorum

169 1076 277 1106 Aaet
293 1074 322 1105 B
337 1075 366 1110 b,
383 1072 514 1104 sedillae
528 1071 619 1103 series
639 1054 796 1127 posito}
811 1084 857 1101 =
876 1075 903 1102 1.
924 1077 996 1102 sunt

440 1150 488 1171 sx
744 1138 819 1169 sx⁶
908 1140 976 1169 s'x⁷

166 1168 220 1200 ιτ
252 1140 722 1225 =⁸-¹—³÷—}÷⁸6¹—„—{÷

300 1196 376 1226 222
441 1199 495 1225 sa
739 1166 882 1224 loa⁵÷
900 1187 999 1224 3026'

168 1237 226 1267 διο.

478 1281 493 1302 ³
633 1281 652 1302 4
747 1278 823 1307 εις
917 1276 990 1308 sx⁶

165 1288 495 1363 &Ful-‘7:2³²
570 1288 999 1374 ls2xa³4¹30a⁴⁸¹⁸60a⁵

245 1376 280 1404 11
297 1376 374 1404 sx⁷

167 1397 211 1440 4
231 1409 316 1455 2166
335 1421 398 1455 ιδ’
414 1399 470 1431 ‘⁴³²⁰‘

214 1479 282 1519 Ubi„
291 1479 389 1520 liquet
403 1481 487 1522 quod
499 1482 616 1521 primus
624 1482 774 1513 terminus
787 1483 896 1522 primae
910 1483 997 1513 seriei

167 1521 207 1552 sit
227 1522 337 1561 triplus
357 1524 449 1562 primi
470 1525 594 1554 termini
615 1525 768 1562 secundae,
792 1525 903 1566 reliqui
924 1525 997 1556 vero

167 1564 291 1594 termini
305 1565 413 1604 primae
427 1567 515 1597 seriei
528 1567 718 1608 reliquorum
732 1567 935 1598 terminorum
949 1578 996 1598 se-

167 1606 282 1636 cundae
296 1607 383 1638 seriei
406 1608 570 1649 plusquam
592 1609 685 1648 tripli,
707 1609 792 1640 unde
804 1609 903 1651 liquet
916 1610 1000 1651 quod

170 1649 203 1679 A
219 1659 239 1679 a
252 1655 298 1679 est
310 1650 410 1691 magis
424 1661 520 1692 quarn
535 1651 661 1691 triplum
675 1651 765 1691 spatii
779 1662 834 1690 per
847 1659 1001 1691 punctum

171 1691 201 1721 B
223 1690 367 1731 descripti
387 1703 488 1734 usque
509 1693 587 1724 dum
608 1694 793 1724 celeritatem
807 1704 839 1724 m
854 1694 999 1733 recipiat3

168 1743 207 1763 ex
229 1743 292 1774 quo
317 1736 524 1776 consequitur,
549 1736 633 1776 quod
658 1736 809 1777 siquidem
830 1737 859 1767 Β
880 1746 918 1767 eo
932 1747 999 1768 mo-

168 1781 274 1806 mento
287 1786 352 1807 non
367 1783 412 1808 est
425 1778 458 1807 in
472 1777 577 1808 medio
590 1778 670 1809 inter
682 1785 798 1818 puncta
810 1779 841 1809 A
851 1784 882 1810 et
893 1779 931 1816 C,
945 1780 1000 1810 sed

168 1818 300 1849 vicinius
313 1825 430 1859 puncto
441 1820 472 1850 A
483 1820 523 1851 ad
534 1820 699 1851 minimum
714 1819 800 1851 sexta
812 1828 900 1861 parte
910 1822 999 1861 spatii

170 1870 190 1892 a
211 1866 327 1900 puncto
344 1863 373 1892 A
389 1862 533 1902 descripti
553 1863 593 1893 ab
613 1872 651 1893 eo
670 1863 800 1894 ulterius
819 1870 948 1905 urgetur
968 1870 1000 1895 et

169 1903 365 1941 acceleratur,
381 1905 627 1946 celeritatemque
640 1906 787 1947 majorem
802 1916 895 1946 quam
906 1916 939 1936 m
950 1917 998 1937 re-

169 1945 244 1984 cipit
264 1945 363 1977 donec
382 1946 423 1977 ad
443 1947 584 1978 medium
597 1947 678 1978 inter
693 1951 722 1978 A
739 1955 771 1979 et
788 1948 815 1980 C
830 1949 996 1988 perveniat,

168 1987 272 2027 ibique
294 1998 367 2018 cum
388 1989 542 2020 celeritate
563 1990 678 2031 majore
699 1989 794 2031 quam
818 1991 849 2021 A
871 1992 997 2030 feratur,

170 2039 276 2060 versus
290 2030 316 2061 C
332 2031 430 2072 magis
451 2030 583 2066 accedet.
605 2032 708 2072 sicque
730 2033 792 2063 vim
813 2034 998 2072 repulsivam

170 2072 278 2111 puncti
295 2072 322 2104 C
336 2073 455 2110 sentiet,
471 2073 608 2114 dumque
622 2074 704 2104 ultra
718 2075 856 2105 medium
870 2075 950 2105 inter
965 2077 995 2106 A

170 2120 202 2144 et
226 2114 252 2145 C
273 2116 500 2154 promovebitur·
528 2116 641 2146 sensim
664 2116 841 2151 tardabitur,
871 2117 997 2148 tandem

171 2157 327 2189 destructo
341 2159 407 2198 ejus
421 2168 546 2188 excessu
566 2157 727 2189 celeritatis
748 2169 840 2199 supra
860 2158 996 2190 celerita-

171 2207 234 2229 tem
249 2209 292 2236 m,
314 2199 387 2230 cum
402 2201 442 2231 sit
454 2200 584 2230 vicinius
600 2207 715 2240 puncto
732 2201 758 2232 C
772 2212 866 2242 quam
880 2208 996 2240 puncto

174 2244 204 2271 A
220 2238 410 2273 diminuet‘ur
424 2243 553 2273 ulterius
566 2243 634 2283 ejus
648 2243 785 2274 celeritas
798 2254 840 2281 m,
863 2243 996 2284 ide6que

171 2291 288 2323 puncto
305 2285 335 2315 A
351 2285 480 2316 vicinius
500 2285 651 2326 gradatim
672 2286 734 2323 fiet,
757 2286 790 2316 in
804 2286 908 2317 medio
921 2287 1001 2324 inter

176 2327 207 2357 A
222 2332 254 2357 et
270 2328 296 2357 C
311 2327 423 2358 iterum
439 2333 586 2365 occurret,
609 2328 663 2359 sed
683 2339 756 2359 cum
771 2329 930 2360 velocitate
951 2330 999 2360 di-

138 2400 143 2405 ,
172 2368 301 2406 minuta,
318 2380 412 2410 quare
426 2377 534 2411 perget
547 2370 675 2401 vicinius
682 2371 748 2402 fieri
759 2378 876 2411 puncto
889 2373 931 2409 A,
941 2372 1000 2403 sic-

141 2441 144 2444 ,
172 2421 233 2452 que
247 2413 286 2443 ab
300 2412 366 2451 ipso
380 2413 547 2444 velocitatis
564 2413 786 2444 incrementum
801 2413 840 2444 de
854 2424 935 2445 novo
949 2425 999 2445 ac-

138 2478 142 2481 .
174 2453 274 2493 cipiet,
296 2456 401 2495 sicque
422 2455 570 2495 perpetuo
590 2456 778 2487 oscillabitur
791 2456 943 2496 punctum
969 2458 998 2488 B

173 2496 253 2527 circa
274 2498 413 2528 medium
434 2499 513 2529 inter
532 2505 685 2537 punctum
704 2500 733 2529 A
749 2505 780 2530 et
794 2507 948 2538 punctum
971 2500 998 2531 C

174 2539 214 2569 ad
228 2549 346 2570 morem
366 2540 452 2571 fibrae
473 2541 626 2579 sonantis-:3
649 2541 746 2582 eaque
766 2543 885 2573 ratione
906 2543 941 2573 fit
962 2549 999 2573 ut

174 2581 332 2619 particulae
351 2583 428 2613 offis
453 2582 567 2624 magna
591 2583 749 2615 velocitate
769 2584 867 2623 pulsae
888 2595 1000 2615 sonum

175 2623 269 2653 edant
277 2631 393 2663 sponte,
410 2632 447 2656 ut
460 2626 493 2655 in
508 2627 634 2664 tonitru,
656 2627 782 2666 pulvere
802 2626 999 2665 fulminante,

175 2665 313 2738 {agellis
329 2668 480 2708 tapetibus
494 2674 550 2699 aut
563 2668 713 2700 lodicibus
722 2669 841 2700 fortiter
855 2670 998 2707 excussis,

205 2717 232 2738 c.

221 2749 283 2783 sed
296 2750 350 2782 ubi
364 2762 396 2782 m
410 2753 539 2784 minima
552 2754 598 2792 fit,
621 2762 772 2794 punctum
789 2755 818 2785 B
833 2765 902 2785 eam
919 2755 999 2786 cele-

176 2792 298 2822 ritatem
312 2803 343 2823 m
359 2795 517 2836 acquisivit
530 2807 568 2827 eo
578 2803 714 2836 tempore
722 2807 785 2836 quo
794 2797 905 2836 parum
916 2799 1000 2829 abest

177 2845 196 2865 a
210 2834 312 2865 medio
327 2835 406 2866 inter
418 2844 532 2876 puncta
548 2839 579 2869 A
594 2845 624 2869 et
642 2840 677 2874 C,
695 2841 764 2880 (per
778 2840 872 2880 hujus
882 2851 913 2870 ιι.
932 2841 997 2880 10.)

177 2887 242 2907 una
255 2877 373 2908 circiter
388 2879 528 2911 vicesima
542 2883 631 2920 spatii
646 2892 665 2912 a
674 2887 790 2920 puncto
804 2883 834 2912 A
846 2882 997 2922 descripti,

177 2918 310 2959 ideoque
322 2921 501 2961 agitationes
511 2933 604 2963 supra
623 2924 719 2954 dictas
733 2924 860 2965 exiguas
874 2926 1000 2965 suscipit

179 2972 255 3002 quas
282 2972 338 3000 pro
366 2963 461 2993 nullis
487 2965 598 2996 habere
622 2966 753 3006 physicis
781 2967 871 2998 licere
900 2967 999 3006 debet,

179 3004 320 3045 quamvis
333 3006 547 3038 mathematice
559 3018 622 3038 non
637 3007 764 3039 omnino
779 3009 872 3040 nullae
886 3010 955 3041 sint.

226 3050 274 3078 12.
301 3047 466 3087 supposito
479 3055 515 3079 ut
528 3050 614 3088 prius
634 3052 824 3082 velocitatem
846 3053 951 3084 datam
970 3063 1003 3083 m

180 3098 244 3120 esse
258 3089 429 3127 minimam,
445 3097 482 3121 ut
494 3093 667 3124 obtineatur
677 3093 872 3125 intervallum
887 3101 1004 3135 tempo-

179 3131 221 3162 ris
235 3142 298 3174 quo
311 3139 462 3172 punctum
477 3134 503 3166 C
515 3134 699 3168 celeritatem
714 3147 781 3168 eam
796 3135 899 3170 datium
913 3148 945 3168 m
956 3149 1006 3170 ac-

1786 281 1864 317 281

1591 391 1640 419 8²

1656 400 1864 448 mfiatTX

1038 413 1140 455 quiret
1160 421 1285 455 sumpto
1307 422 1343 447 ut
1363 416 1449 456 prius
1469 426 1486 446 z
1500 417 1516 435 ²
1530 428 1577 445 =
1633 454 1648 473 s

1160 485 1304 514 -a4m2

1038 514 1172 539 =met
1222 537 1268 565 ⁵2

1315 509 1343 539 T
1356 510 1390 540 X
1400 523 1446 540 =
1455 520 1488 539 m
1502 516 1519 539 2
1534 512 1551 533 ⁴
1568 517 1598 541 et
1612 517 1743 551 ponatur
1751 511 1866 552 ubique

1038 586 1694 661 inserierx,¹z-¹¹2-pr0}25etm2⁴=

1708 581 1863 647 mx⁴÷

1710 634 1808 661 28.4

1039 669 1133 697 mx5

1059 725 1105 752 A.
1117 716 1148 752 5’

1037 726 1145 794 gentes
1157 763 1366 804 quantitatum
1382 775 1402 794 x
1413 772 1444 796 et
1457 777 1474 796 z
1485 765 1689 796 differentiam
1704 767 1866 798 minimam

1163 696 1219 726 &c-
1237 696 1300 742 site
1308 698 1438 736 sumptis
1451 697 1589 728 terminis
1602 698 1635 728 in
1645 698 1758 739 quibus
1771 709 1866 739 expo-

1034 832 1157 868 habent,
1179 831 1288 862 ῥήξω
1310 809 1863 883 ῑ4ΞῗῙΧ4--ῌ-

1435 865 1541 891 2..3.4
1612 864 1864 893 2.3.4.5.6Ζ2

1171 900 1320 931 ISmx⁸
1579 903 1745 934 4omx¹0

1038 926 1081 968 4
1106 956 1330 984 2.3.4.5.6.7.8
1345 957 1390 983 2⁴
1410 946 1454 952 “
1474 947 1864 987 2.3.4.5.6,7ῖὲῗῇῐῗῶ

1036 994 1092 1024 &c-
1116 1001 1148 1025 et
1170 997 1342 1036 aequatione
1362 1007 1416 1035 per
1435 998 1731 1037 approximationem
1753 997 1865 1035 soluta,

1039 1046 1195 1079 invenitur
1208 1058 1227 1078 x
1240 1050 1256 1070 2
1269 1063 1314 1079 =
1332 1055 1351 1081 9
1365 1040 1391 1092 ξ
1407 1061 1427 1080 x
1441 1052 1466 1080 ².
1499 1051 1542 1080 Et
1557 1051 1664 1080 seriem
1683 1050 1710 1080 F
1726 1051 1756 1082 Τ
1771 1051 1799 1080 X
1817 1052 1866 1081 ul-

1040 1090 1135 1120 terius
1157 1091 1366 1122 continuando
1390 1098 1421 1122 et
1444 1092 1599 1123 calculum
1620 1093 1810 1124 instituendo
1830 1101 1868 1124 ut

1040 1141 1097 1171 pro
1111 1133 1188 1164 serie
1205 1134 1231 1164 F
1248 1135 1277 1164 T
1294 1135 1322 1164 V
1338 1135 1456 1164 factum
1472 1141 1526 1170 est,
1544 1135 1697 1166 invenitur
1718 1135 1803 1175 quod
1818 1136 1868 1166 via

1042 1185 1062 1205 a
1079 1183 1195 1214 puncto
1212 1177 1242 1206 A
1259 1187 1392 1213 emensa,
1415 1177 1491 1207 dum
1512 1186 1664 1216 punctum
1682 1178 1708 1209 C
1724 1178 1868 1208 velocita-

1042 1222 1106 1248 tem
1120 1228 1153 1248 m
1167 1219 1304 1259 acquirit,
1328 1225 1374 1250 est
1394 1219 1433 1249 ad
1449 1220 1529 1249 viam
1543 1229 1635 1259 quam
1651 1219 1752 1259 ipsum
1767 1230 1867 1259 punc-

1041 1265 1110 1291 tum
1129 1261 1156 1291 C
1171 1261 1323 1296 emetitur,
1342 1268 1377 1292 ut
1395 1265 1455 1293 100
1469 1261 1509 1293 ad
1525 1266 1566 1292 32
1588 1262 1650 1292 sive
1664 1262 1728 1292 fere
1749 1266 1816 1293 ut8
1827 1263 1868 1292 ad

1045 1306 1072 1333 1.
1124 1303 1218 1339 Quod
1242 1303 1368 1344 quidem
1389 1304 1482 1343 paulo
1505 1305 1606 1346 majus
1626 1310 1673 1334 est
1692 1314 1772 1340 vero,
1794 1305 1868 1345 quia

1042 1344 1155 1376 omissa
1176 1352 1222 1376 est
1243 1346 1445 1376 consideratio
1467 1353 1570 1377 motus
1590 1347 1698 1386 puncti
1717 1347 1760 1383 D,
1782 1346 1867 1387 quod

1043 1397 1115 1417 cum
1126 1388 1261 1419 discedat
1274 1399 1293 1419 a
1306 1389 1461 1427 punctoc
1470 1389 1564 1419 efficit
1578 1396 1614 1419 ut
1627 1389 1672 1419 vis
1685 1390 1713 1420 B
1724 1390 1756 1418 in
1766 1389 1869 1428 ipsum

1045 1430 1073 1460 C
1087 1430 1126 1460 sit
1139 1430 1254 1468 fortior,
1277 1430 1466 1472 breviorique
1479 1437 1615 1471 tempore
1629 1438 1750 1462 motum
1762 1441 1798 1461 m
1811 1431 1868 1471 ipsi

1042 1471 1242 1511 impertiatur.

1087 1517 1134 1543 13.
1164 1513 1261 1550 Hinc,
1278 1512 1352 1543 cum
1366 1521 1488 1552 tempus
1502 1524 1565 1554 quo
1579 1520 1732 1553 punctum
1751 1515 1779 1544 B
1794 1513 1875 1544 cele.

1041 1559 1163 1592 ritatem
1192 1561 1296 1592 datam
1320 1573 1353 1592 m
1374 1563 1534 1604 acquisivit
1561 1565 1601 1594 sit
1629 1575 1646 1594 z
1673 1567 1715 1606 4!
1742 1569 1816 1596 &57
1843 1570 1875 1595 ct

1041 1609 1164 1643 tempus
1184 1614 1247 1644 quo
1262 1611 1414 1641 punctum
1432 1606 1458 1636 C
1474 1616 1543 1636 eam
1565 1607 1753 1638 celeritatem
1768 1606 1875 1645 acqui-

1041 1654 1114 1685 sivit
1127 1655 1167 1686 sit
1182 1665 1198 1684 z
1215 1646 1334 1711 MT}
1355 1655 1410 1686 illa
1430 1661 1569 1695 tempora
1589 1663 1662 1688 sunt
1683 1664 1719 1689 ut
1735 1660 1776 1698 4!
1795 1661 1872 1689 5.57

1041 1702 1205 1762 adv-5}
1225 1711 1288 1742 sive
1308 1717 1344 1743 ut
1366 1716 1406 1745 19
1427 1711 1468 1742 ad
1488 1715 1532 1742 30
1552 1713 1617 1743 fere
1639 1717 1660 1743 2
1681 1711 1873 1751 ad53ci1m

1042 1769 1116 1801 ergo
1129 1767 1280 1800 punctum
1297 1763 1328 1794 A
1343 1763 1538 1794 uniformiter
1551 1769 1719 1800 moveatur,
1735 1765 1868 1804 spatium

1041 1802 1127 1843 quod
1147 1810 1299 1842 punctum
1317 1806 1346 1836 A
1362 1805 1505 1836 describit
1525 1806 1602 1836 dum
1619 1806 1646 1836 C
1667 1806 1796 1846 acquirit
1815 1817 1869 1839 ve-

1041 1844 1196 1876 locitatem
1207 1856 1249 1882 m,
1265 1853 1311 1877 est
1324 1847 1364 1878 ad
1375 1848 1508 1887 spatium
1520 1847 1610 1888 quod
1625 1848 1708 1879 idem
1717 1856 1868 1888 punctum

1043 1888 1075 1917 A
1091 1887 1287 1928 descripserat
1308 1889 1384 1920 dum
1408 1891 1438 1921 B
1460 1890 1601 1921 eamdem
1623 1890 1814 1922 velocitatem
1835 1902 1868 1922 m

1040 1930 1250 1970 acquisiverat,
1267 1932 1348 1963 sicut
1361 1936 1380 1963 3
1397 1933 1438 1964 ad
1452 1937 1493 1971 Ως
1508 1933 1643 1972 spatium
1658 1932 1730 1963 vero
1743 1933 1828 1974 quod
1841 1935 1868 1966 C

1041 1972 1197 2012 descripsit
1220 1973 1296 2005 dum
1323 1985 1390 2006 eam
1414 1975 1601 2006 celeritatem
1623 1976 1793 2016 acquisivit,
1823 1984 1869 2007 est

1041 2015 1181 2053 proxime
1195 2017 1284 2047 tertia
1297 2027 1367 2056 pars
1381 2018 1469 2057 spatii
1483 2017 1593 2048 eodem
1615 2025 1752 2057 tempore
1773 2019 1812 2048 ab
1836 2019 1867 2049 A

1041 2056 1192 2096 descripti,
1208 2065 1240 2088 et
1253 2060 1386 2097 spatium
1400 2059 1484 2100 quod
1539 2060 1683 2090 describit
1696 2060 1774 2091 dum
1783 2071 1868 2091 eam-

1040 2097 1111 2128 dem
1126 2099 1311 2131 celeritatem
1325 2111 1358 2131 m
1372 2111 1427 2142 acq
1451 2101 1460 2108 ⁹
1513 2108 1560 2132 est
1573 2102 1638 2132 fere
1658 2102 1786 2132 dimidia
1799 2113 1869 2142 pars

1039 2141 1128 2179 spatii
1143 2152 1180 2172 eo
1193 2148 1331 2182 tempore
1344 2145 1383 2174 ab
1400 2144 1430 2174 A
1446 2143 1598 2183 descripti,
1615 2154 1689 2184 ergo
1704 2145 1758 2174 illa
1771 2145 1869 2184 spatia

1038 2193 1058 2212 a
1072 2184 1192 2222 punctis
1210 2183 1236 2215 C
1251 2192 1282 2215 et
1298 2186 1327 2216 B
1342 2186 1500 2225 descripta,
1516 2187 1614 2217 donec
1628 2186 1820 2217 velocitatem
1833 2197 1867 2217 m

1039 2225 1162 2267 singula
1172 2227 1330 2268 acquirant
1343 2234 1416 2263 sunt
1430 2228 1570 2270 aequalia.

1086 2286 1136 2312 14.
1163 2283 1214 2314 Ex
1229 2283 1373 2325 analogia
1380 2284 1452 2316 verti
1460 2285 1630 2316 deducetur
1638 2284 1721 2326 quod
1733 2286 1867 2326 spatium

1041 2325 1124 2364 quod
1139 2332 1291 2365 punctum
1311 2334 1455 2367 quartum
1473 2329 1505 2358 D
1520 2328 1671 2365 describit,
1693 2328 1769 2359 dum
1783 2329 1866 2367 velo-

1042 2367 1165 2398 citatem
1180 2378 1212 2398 m
1226 2369 1361 2410 attingit,
1382 2370 1440 2400 erit
1453 2378 1562 2410 quarta
1582 2381 1653 2410 pars
1666 2371 1755 2410 spatii
1770 2373 1810 2402 ab
1834 2373 1865 2402 A

1042 2408 1194 2449 descripti,
1217 2411 1368 2451 siquidem
1391 2413 1524 2451 spatium
1549 2423 1568 2443 a
1591 2413 1728 2444 secundo
1750 2420 1867 2452 puncto

1041 2451 1226 2493 descriptum
1241 2461 1287 2485 est
1299 2454 1427 2485 dimidia
1435 2465 1505 2494 pars
1518 2455 1606 2495 spatii
1621 2457 1660 2486 ab
1672 2456 1702 2486 A
1715 2455 1866 2496 descripti,

1042 2496 1174 2534 spatium
1196 2507 1215 2527 a
1236 2497 1326 2527 tertio
1347 2504 1463 2537 puncto
1484 2497 1671 2537 descriptum
1687 2499 1777 2529 tertia
1798 2509 1867 2538 pars

1040 2538 1129 2577 spatii
1151 2538 1291 2578 descripti
1312 2541 1351 2570 ab
1375 2540 1417 2577 A,
1443 2541 1498 2571 &a
1547 2541 1619 2571 Imo
1633 2549 1705 2570 eum
1727 2541 1867 2572 ordinem

1041 2581 1214 2612 accuratius
1227 2583 1379 2612 observari
1394 2583 1428 2612 in
1442 2582 1565 2622 punctis
1579 2583 1791 2614 remotioribus
1805 2590 1865 2615 sta-

1042 2629 1130 2654 tuere
1144 2624 1214 2654 licet
1226 2624 1311 2664 quod
1324 2631 1476 2663 punctum
1490 2626 1515 2656 C
1531 2625 1651 2656 tertiam
1666 2632 1783 2664 partem
1797 2637 1866 2665 spo-

1042 2665 1077 2697 tii
1098 2667 1137 2697 ab
1161 2669 1191 2697 A
1213 2666 1356 2706 descripti
1377 2667 1452 2698 dum
1475 2667 1665 2698 velocitatem
1680 2677 1712 2697 m
1727 2669 1865 2708 acquirit,

1042 2710 1213 2740 accuratius
1233 2709 1382 2740 describat
1403 2709 1497 2750 quam
1523 2710 1551 2740 B
1573 2709 1734 2741 dimidiam
1748 2718 1866 2750 partem

1041 2752 1130 2790 spatii
1144 2753 1183 2783 ab
1199 2753 1230 2783 A
1246 2752 1388 2791 descripti
1402 2752 1479 2782 dum
1489 2752 1680 2783 velocitatem
1689 2754 1864 2793 msuscipit.

1044 2794 1208 2825 Calculum
1229 2801 1346 2825 tentare
1367 2801 1466 2834 potest
1486 2795 1540 2835 qui
1560 2796 1619 2825 hac
1637 2794 1782 2836 analogia
1802 2806 1867 2827 rem

1040 2837 1227 2867 sufficienter
1247 2837 1448 2868 demonstrari
1464 2847 1529 2868 non
1549 2838 1693 2874 censebit,
1720 2844 1752 2868 et
1767 2839 1806 2869 Β.
1822 2839 1862 2871 L·

1039 2878 1197 2919 ignoscere
1221 2890 1367 2921 rogamus
1391 2880 1475 2920 quod
1497 2880 1590 2911 talem
1611 2879 1746 2911 laborem
1766 2881 1868 2920 subire

1040 2923 1182 2963 piguerit.

1087 2970 1137 3000 Ex
1148 2969 1254 3000 eadem
1265 2969 1407 3010 analogia
1419 2970 1577 3011 (Ax-ms.)
1586 2971 1764 3009 deducetur,
1771 2973 1868 3012 spatia

1043 3023 1114 3053 quae
1138 3018 1321 3051 percurrunt
1343 3014 1512 3044 successiva
1536 3020 1651 3052 puncta
1672 3015 1716 3052 D,
1733 3015 1775 3051 E,
1792 3015 1868 3045 dum

1045 3055 1236 3085 velocitatem
1258 3065 1291 3084 m
1312 3055 1483 3095 acquirunt,
1510 3056 1640 3095 aequalia
1660 3052 1726 3088 es‘se
1741 3057 1779 3088 iis
1799 3068 1869 3097 quae

1046 3104 1160 3138 puncta
1175 3097 1298 3137 singula
1315 3098 1343 3128 B
1359 3106 1390 3127 et
1407 3098 1433 3128 C
1446 3098 1676 3136 descripserunt.

1096 3143 1142 3172 15.
1171 3141 1295 3176 Quibus
1316 3140 1456 3171 admissis
1475 3141 1612 3182 sequitur
1634 3141 1871 3173 diminutionem
