2066 3548
103 227 252 276 Lissa
269 232 488 285 Sirenum]
533 230 852 279 PRINCIPIA
883 232 1377 278 MATHEMATICA.
1722 245 1813 282 Υ209

159 350 248 390 Cas.
279 352 319 390 2.
382 348 592 390 Ponamus
623 347 736 405 quod
769 347 985 403 particulae
1022 348 1151 390 medii
1189 349 1235 389 in
1274 349 1446 406 globum
1485 351 1550 392 vel
1579 352 1812 407 cylindrum

98 422 324 464 incidentes
356 437 442 463 non
473 424 758 471 reflectantur3
791 430 833 463 et
861 421 1073 478 cylindrus
1093 422 1316 463 incidendo
1344 424 1740 478 perpendiculariter
1769 428 1814 468 in

66 502 68 504 ’
96 493 319 549 particulas
351 494 579 549 simplicem
611 508 727 535 suam
758 493 1017 534 velocitatem
1050 494 1150 548 ipsis
1186 495 1517 546 communicabit,
1550 496 1727 552 ideoque
1746 513 1813 539 re-

20 615 31 618 -
95 563 322 606 sistentiam
341 566 496 621 patitur
515 565 644 620 duplo
663 565 866 605 minorem
887 562 1012 620 quam
1030 564 1075 604 in
1093 564 1234 619 priore
1256 579 1366 615 casu,
1390 575 1432 607 et
1451 567 1685 609 resistentia
1695 568 1812 625 globi

93 637 170 679 erit
190 639 314 680 etiam
333 639 463 694 duplo
480 639 616 679 minor
636 636 762 694 quam
781 636 910 692 prius.

154 711 244 751 Cas.
267 716 306 752 3.
368 710 578 751 Ponamus
609 708 723 764 quod
751 708 968 763 particulae
987 707 1115 749 medii
1135 709 1176 749 vi
1197 709 1433 751 reflexionis
1464 725 1599 766 neque
1628 713 1809 755 maxima

95 794 232 835 neque
252 778 380 829 nulla,
403 779 477 821 sed
496 779 697 821 mediocri
717 778 854 835 aliqua
874 779 1059 820 resiliant
1077 779 1264 837 aglob03
1285 789 1328 822 et
1346 781 1578 824 resistentia
1596 784 1712 840 globi
1731 785 1811 828 erit

91 850 136 890 in
155 849 300 891 eadem
319 850 480 891 ratione
499 850 701 892 mediocri
720 851 828 891 inter
847 850 1121 892 resistentiam
1139 850 1184 891 in
1204 851 1343 906 primo
1362 866 1459 894 casu
1473 861 1515 894 et
1534 854 1809 898 resistentiam

88 922 133 963 in
154 923 348 964 secundo.
411 923 466 973 Q.
489 939 526 966 e.
548 924 576 965 i.

149 996 280 1037 Corol.
305 1001 341 1037 1.
403 996 521 1037 Hinc
555 996 590 1037 si
622 995 772 1052 globus
802 1003 844 1038 et
872 995 1086 1051 particulae
1117 996 1200 1037 sint
1227 996 1390 1038 infinite
1417 997 1535 1049 dura,
1569 1007 1612 1041 et
1632 1001 1673 1041 vi
1693 1002 1809 1042 omni

89 1066 268 1118 elasticii,
290 1076 332 1109 et
350 1076 572 1124 propterea
591 1068 715 1110 etiam
734 1069 775 1110 vi
795 1070 909 1110 omni
928 1070 1164 1111 reflexionis
1185 1070 1405 1112 destituta:
1438 1073 1672 1115 resistentia
1689 1074 1807 1131 globi

88 1139 167 1180 erit
186 1139 239 1180 ad
258 1140 343 1180 vim
363 1139 443 1196 qua
464 1147 575 1182 totus
595 1141 682 1195 ejus
702 1148 840 1182 motus
860 1141 926 1182 vel
945 1140 1096 1182 auferri
1116 1141 1248 1196 possit
1267 1142 1332 1183 vel
1351 1145 1556 1199 generari,
1586 1160 1671 1201 quo
1700 1153 1807 1187 tem-

86 1224 190 1264 pore
208 1210 359 1266 globus
379 1218 556 1267 quatuor
575 1211 716 1252 tertias
735 1219 875 1266 partes
895 1211 1086 1253 diametri
1106 1225 1193 1253 suae
1213 1212 1424 1263 describit,
1445 1222 1492 1256 ut
1507 1214 1688 1262 densitas
1717 1231 1807 1258 me·

81 1281 145 1323 dii
164 1281 218 1323 ad
238 1281 486 1323 densitatem
505 1281 634 1338 globi.

146 1354 277 1395 Corol.
300 1358 340 1394 2.
402 1353 453 1409 (b)
488 1354 739 1394 Resistentia
767 1353 899 1410 globi,
933 1354 1092 1395 caeteris
1121 1354 1304 1409 paribus,
1337 1364 1397 1397 est
1426 1356 1470 1397 in
1497 1356 1707 1411 duplicata
1737 1372 1806 1400 ra-

85 1423 197 1465 tione
216 1423 455 1465 velocitatis.

145 1495 276 1537 Corol.
299 1500 338 1536 3.
382 1494 441 1549 (†)
466 1494 716 1536 Resistentia
733 1494 862 1551 globi,
886 1494 1046 1536 caeteris
1064 1494 1248 1549 paribus,
1270 1503 1334 1537 est
1352 1496 1397 1536 in
1417 1496 1627 1551 duplicata
1642 1497 1804 1541 ratione

11 1579 19 1583 ·
83 1565 290 1608 diametri.

143 1639 274 1680 Corol.
295 1643 336 1678 4.
398 1636 648 1678 Resistentia
666 1637 794 1694 globi,
817 1637 976 1679 caeteris
995 1637 1179 1692 paribus,
1203 1647 1266 1680 est
1285 1647 1332 1680 ut
1351 1639 1532 1681 densitas
1552 1640 1691 1682 medii.

142 1711 273 1752 Corol.
297 1716 335 1753 5.
398 1710 648 1752 Resistentia
675 1710 790 1767 globi
819 1718 881 1751 est
909 1710 953 1751 in
982 1710 1140 1751 ratione
1175 1725 1268 1766 quae
1299 1712 1562 1766 componitur
1582 1727 1635 1753 ex
1662 1712 1801 1768 dupli-

80 1779 171 1825 eata
199 1781 359 1823 ratione
387 1781 614 1824 velocitatis
635 1789 678 1823 et
697 1780 906 1836 duplicata
937 1781 1096 1822 ratione
1123 1780 1314 1822 diametri
1334 1790 1376 1823 et
1395 1782 1554 1824 ratione
1585 1784 1799 1827 densitatis

80 1852 218 1894 medii.
1777 1867 1780 1869 ’

77 1940 83 1945 ·
144 1924 275 1965 Cor-ol.
296 1929 336 1966 6.
396 1923 454 1966 Et
470 1931 609 1966 motus
628 1923 743 1981 globi
762 1938 858 1965 cum
879 1924 966 1980 ejus
987 1924 1219 1965 resistentia
1248 1924 1307 1965 sic
1335 1925 1488 1980 exponi
1520 1934 1670 1980 potest.
1734 1927 1797 1970 Sit

81 1995 123 2037 A
145 1995 183 2037 B
203 2003 365 2050 tempus
386 2011 469 2052 quo
487 1996 638 2053 globus
667 2011 744 2051 per
773 1997 1045 2038 resistentiam
1075 2011 1191 2038 suam
1221 1997 1480 2039 uniformiter
1513 1999 1795 2040 continuatam

78 2074 212 2108 totum
244 2080 364 2107 suum
394 2074 554 2107 motum
588 2067 774 2108 amittere
804 2075 952 2120 potest.
1014 2067 1084 2107 A'd
1117 2068 1157 2108 A
1181 2067 1218 2108 B
1252 2068 1464 2125 erigantur
1485 2069 1795 2123 perpendicula

80 2138 122 2179 A
142 2138 201 2188 D,
240 2137 277 2178 B
301 2135 350 2177 C.
413 2136 556 2192 Sitque
588 2136 626 2177 B
649 2136 685 2178 C
716 2145 849 2178 motus
870 2137 937 2177 ille
959 2145 1080 2187 totus,
1113 2146 1154 2178 et
1173 2152 1249 2192 per
1267 2147 1467 2192 punctum
1491 2139 1527 2180 C
1548 2140 1792 2196 asymptotis

122 2292 167 2334 (Β)
185 2294 202 2312 '
220 2293 402 2324 Resistentia
423 2294 511 2333 globi,
538 2294 651 2324 coeteris
662 2293 799 2332 paribus,
823 2297 865 2322 est
879 2293 913 2323 in
956 2290 1091 2321 motibus
1111 2290 1164 2331 qui
1186 2289 1366 2326 uniformes,
1391 2290 1499 2321 saltem
1521 2298 1615 2331 quam
1637 2287 1789 2331 proxime,

78 2334 234 2377 ἆιιῃὶἰοαιά
248 2336 365 2368 ratione
375 2336 544 2377 velocitatis.
592 2337 609 2354 ὓ
628 2335 697 2364 Sint
711 2335 796 2374 globi
812 2344 914 2374 aequa-
956 2340 1129 2369 censentur,
1160 2343 1235 2373 ergo
1262 2333 1442 2363 resistentiae
1469 2340 1694 2365 momentaneae
1715 2343 1790 2366 sunt

78 2384 123 2409 »a
136 2377 170 2408 in
184 2377 293 2408 eodem
306 2377 412 2407 medio
423 2377 501 2408 moti
516 2376 633 2408 diversi
643 2387 716 2408 cum
728 2377 908 2413 velocitate3
953 2376 998 2407 bis
1021 2381 1056 2406 ut
1076 2375 1258 2412 velocitates,
1285 2376 1344 2405 hoc
1366 2381 1413 2406 est
1437 2375 1470 2406 in
1493 2376 1611 2407 ratione
1632 2376 1790 2417 duplicati

77 2426 182 2451 motus
194 2426 280 2451 totus
294 2420 538 2462 uniuscujusque
548 2425 595 2451 est
604 2419 644 2450 ad
658 2425 777 2450 motum
793 2421 832 2449 ab
843 2420 910 2458 ipso

78 2463 342 2494 communicatum
370 2469 508 2502 tempore
528 2457 591 2503 qud
618 2461 696 2492 duas
720 2463 823 2492 tertias
844 2471 909 2492 suae
950 2476 955 2482 -

77 2504 218 2536 diametri
245 2505 406 2545 percurrit,
435 2511 472 2535 ut
493 2505 656 2536 densitates
679 2505 842 2545 globorum
868 2504 908 2533 ad

78 2547 242 2579 densitates
265 2544 451 2585 mediorum,
478 2546 608 2588 ide6que
631 2557 667 2577 ex
691 2547 852 2587 hypothesi
874 2547 907 2576 in

79 2589 189 2620 eadem
202 2590 330 2627 ratione,
346 2600 421 2631 ergo
435 2590 528 2621 etiarn
543 2590 686 2620 velocitas
699 2590 794 2620 unius
808 2596 854 2619 est
867 2588 907 2619 ad

60 2631 271 2662 “velocitatem
291 2633 418 2663 alterins
432 2639 467 2663 ut
481 2638 584 2663 motus
597 2634 636 2663 ab
651 2633 712 2662 illis
733 2632 908 2662 communi-

79 2674 139 2706 cati
154 2675 340 2714 temporibus
360 2676 472 2716 quibus
493 2675 570 2706 duas
584 2675 686 2706 tertias
700 2685 826 2705 suarum
841 2674 907 2705 dia-

78 2723 248 2748 metrorum
275 2718 422 2758 (aequales
445 2718 560 2759 quippe
584 2717 810 2758 longitudines)
839 2727 907 2757 per·

79 2766 218 2790 currunt.
267 2758 454 2791 Dividuntur
467 2761 521 2791 illa
534 2767 672 2800 tempora
687 2761 719 2789 in
736 2766 835 2798 partes
848 2759 907 2790 mi-

79 2798 180 2832 nimas
200 2800 343 2842 utrinque
363 2804 505 2843 equales,
528 2810 559 2834 et
572 2803 645 2844 quia
658 2802 828 2833 resistentia
841 2803 904 2832 sin-

78 2844 163 2885 gulis
175 2843 348 2881 momentis,
364 2845 501 2885 ejusdem
515 2846 598 2887 globi
613 2851 762 2885 respectu,
785 2845 906 2875 unifor-

78 2887 140 2917 mis
154 2894 304 2923 censetur,
324 2887 501 2918 resistentiae
515 2897 738 2919 momentaneae
753 2894 844 2918 erunt
857 2887 904 2917 di-

78 2929 161 2961 recte
176 2937 211 2959 ut
225 2936 328 2959 motus
341 2930 443 2960 amissi
457 2938 487 2960 et
502 2930 619 2961 inverse
633 2937 669 2961 ut
683 2937 820 2968 tempora
840 2929 908 2970 qui-

78 2971 138 3003 bus
152 2973 345 3008 amittuntur,
371 2971 424 3002 sed
444 2981 548 3004 motus
565 2969 667 3003 amissi
689 2980 762 3003 sunt
776 2979 813 3002 ut
827 2972 909 3002 velo-

78 3014 185 3046 cimex
206 3013 319 3044 directe
334 3022 365 3044 et
379 3021 515 3055 tempora
529 3022 601 3046 sunt
616 3014 732 3046 inverse
747 3021 783 3045 ut
798 3014 907 3045 veloci-

951 2417 1128 2448 velocitatis.

995 2460 1046 2503 (†)
1065 2463 1082 2480 ⁹
1100 2461 1282 2491 Resistentia
1299 2461 1387 2500 globi,
1404 2463 1518 2492 caeteris
1526 2463 1664 2501 paribus,
1686 2467 1730 2493 est
1750 2464 1786 2495 in

950 2502 1107 2543 duplicat&
1122 2505 1238 2534 ratione
1252 2504 1403 2534 diametri.
1451 2506 1468 2522 ¹'
1496 2504 1564 2534 Sint
1584 2504 1668 2544 globi
1689 2504 1785 2545 aequi-

951 2546 1078 2583 velocoe,
1103 2544 1191 2586 aeque
1212 2545 1308 2582 densi,
1330 2545 1362 2575 in
1378 2545 1487 2576 eodem
1503 2545 1606 2576 medio
1621 2546 1707 2584 moti,
1731 2547 1785 2578 aed

950 2589 1077 2619 diversae
1098 2590 1159 2619 sint
1179 2598 1286 2619 earum
1301 2588 1453 2625 diametri,
1477 2587 1636 2629 fingantur
1650 2591 1714 2620 duo
1728 2592 1782 2630 cy-

949 2631 1043 2662 lindri
1057 2631 1197 2672 ejusdem
1213 2641 1285 2661 cum
1301 2631 1338 2660 iis
1353 2630 1504 2668 diametri,
1527 2638 1558 2661 et
1572 2632 1665 2662 etiam
1686 2633 1784 2673 aqui-

949 2674 1068 2704 veloces
1082 2681 1113 2704 et
1126 2684 1214 2714 aeque
1228 2673 1325 2710 densi,
1348 2674 1524 2715 resistentiae
1538 2683 1614 2714 quas
1628 2674 1784 2713 patientur

949 2716 1081 2757 cylindri
1110 2716 1243 2757 singulis
1265 2716 1431 2746 momentis
1453 2722 1546 2746 erunt
1570 2722 1606 2747 ut
1633 2727 1783 2749 numerus

949 2760 1083 2798 partium
1098 2760 1131 2789 in
1143 2770 1220 2799 quas
1233 2759 1405 2794 incurrunt,
1428 2758 1474 2788 illi
1489 2757 1561 2789 verb
1575 2762 1696 2799 numeri
1711 2770 1782 2799 par.

948 2801 1028 2832 tium
1050 2809 1123 2832 sunt
1138 2807 1174 2832 ut
1194 2801 1342 2841 quadrata
1357 2800 1595 2832 diametrorum:
1620 2797 1782 2834 sed-facile

946 2844 1043 2884 liquet
1057 2844 1240 2874 resistentias
1249 2843 1458 2883 cylindrorum
1471 2850 1501 2873 et
1510 2844 1674 2884 globorum
1684 2846 1781 2887 sequi.

946 2887 1108 2923 velocium,
1124 2886 1261 2927 ejusdem
1273 2885 1423 2922 diametri,
1439 2886 1471 2915 in
1483 2886 1592 2917 eodem
1604 2887 1781 2922 medioesse

950 2929 983 2959 in
999 2929 1072 2960 data
1080 2931 1207 2965 ratione,
1224 2938 1298 2968 ergo
1313 2935 1349 2958 ut
1363 2928 1532 2959 resistentia
1541 2930 1635 2960 unius
1649 2928 1780 2970 cylindri

950 2972 989 3003 ad
1005 2972 1207 3002 resistentiam
1217 2971 1350 3005 alterius,
1361 2971 1402 3001 ita
1411 2971 1580 3002 resistentia
1591 2973 1685 3003 unius
1694 2972 1780 3014 globi

950 3014 991 3045 nd
1005 3014 1205 3045 resistentiam
1220 3013 1355 3049 alterius,
1378 3020 1452 3044 sunt
1465 3024 1539 3055 ergo
1553 3014 1718 3057 globorum
1730 3026 1779 3048 re-

78 3063 166 3096 mes,
188 3056 263 3098 quia
291 3056 425 3098 equales
450 3057 661 3100 longitudines
688 3063 910 3098 percurruntur
951 3058 1146 3088 sistentiae‘ut
1159 3055 1308 3096 quadrat·
1321 3055 1551 3088 diametrorum-

122 3112 202 3144 νοι-
222 3112 272 3144 11.

914 3113 945 3144 Ο
