2066 3548
1885 85 1907 96 Χ

210 265 293 301 294·
627 255 1072 298 PHILOSOPHIAE
1104 255 1462 299 NATURALIS
1548 255 1690 308 [Mor.
1713 254 1906 298 comm.

271 369 480 410 Caeterum
496 368 542 409 in
561 367 641 408 hoc
668 374 862 423 computo
889 366 1003 408 nulla
1031 366 1206 408 habetur
1233 367 1339 408 ratio
1368 365 1648 408 crassitudinis
1681 366 1906 408 solidarum

210 439 505 495 particularum
539 438 656 488 a‘e'ris,
690 452 765 492 per
795 451 919 493 quam
953 451 1077 479 sonus
1107 437 1249 493 utique
1281 440 1332 492 (³)
1359 444 1613 493 propagatur
1627 425 1630 430 ¹
1643 437 1686 477 in
1721 437 1902 478 instanti.

213 510 322 553 Cum
350 510 512 564 pondus
533 508 638 549 ae'ris
659 508 711 548 sit
730 507 783 548 ad
802 507 965 562 pondus
985 522 1102 563 aquae
1122 515 1168 548 ut
1191 513 1208 547 1
1234 506 1288 548 ad
1309 511 1405 558 870,
1422 514 1478 548 »et
1497 493 1602 548 sales
1623 506 1704 547 sint
1722 506 1806 548 fere
1826 506 1914 558 (ἰιι-ν

208 582 280 636 plo
299 580 508 621 densiores
529 577 651 634 quam
671 593 777 635 aqua
788 593 799 627 ;
830 578 864 619 si
882 577 1217 633 particulae'ae'ris
1235 585 1442 631 ponantur
1462 591 1551 618 esse
1570 562 1752 632 ejusdem
1781 577 1902 619 circi-

209 660 272 691 ter
291 648 501 705 densitatis
522 662 616 689 cum
635 647 844 702 particulis
874 647 951 688 vel‘
968 662 1086 702 aquae
1115 647 1180 688 vel
1209 646 1368 701 salium,
1397 654 1439 688 et
1457 646 1602 688 raritas
1623 645 1727 687 acris
1747 646 1903 691 oriatur

208 722 260 763 ab
288 719 510 761 intervallis
540 719 853 774 particularum:
887 720 937 774 (²)
959 719 1157 760 diameter
1182 718 1397 778 particulae
1415 720 1520 760 a‘e’ris
1541 719 1618 761 erit
1637 718 1691 760 ad
1710 711 1902 766 interval-

207 794 294 836 lum
314 794 421 835 inter
440 801 580 835 centra
598 793 902 848 particularum,
925 800 970 833 ut
993 798 1009 833 1
1037 792 1090 833 ad
1111 799 1136 834 9
1157 791 1220 833 vel
1245 797 1296 833 10
1316 791 1489 841 circiter,
1510 799 1551 832 et
1570 790 1623 832 ad
1642 779 1903 832 intervallurn

206 867 314 907 inter
331 865 550 920 particulas
571 873 617 905 ut
640 870 657 905 1
685 864 739 905 ad
759 870 782 906 8
806 864 871 905 vel
892 870 930 905 9.
993 863 1174 904 Proinde
1193 862 1247 903 ad
1265 861 1392 917 pedes
1413 865 1510 911 979,
1533 876 1635 917 quos
1656 876 1781 903 sonus
1797 869 1901 904 tem-

207 952 310 992 pore
329 937 477 978 minuti
505 936 626 977 unius
656 935 824 978 secundi
847 936 969 990 juxta
997 934 1199 985 calculum
1229 934 1483 990 superiorem
1518 934 1719 984 conficiet,
1750 934 1901 976 addere

205 1010 301 1051 licet
327 1009 454 1064 pedes
491 1009 561 1060 923⁹
601 1023 673 1050 seu
706 1014 785 1050 109
815 1007 987 1056 circiter,
1023 1007 1078 1048 ob
1106 1006 1417 1064 crassitudinem
1447 1005 1742 1060 particularum
1770 992 1916 1048 aerisi'

206 1090 248 1124 et
267 1083 325 1124 sic
345 1096 468 1123 sonus
489 1090 673 1136 tempore
694 1081 840 1122 minuti
860 1081 979 1121 unius
1000 1080 1166 1121 secundi
1186 1079 1375 1133 conficiet
1394 1078 1521 1134 pedes
1545 1084 1651 1120 1088
1675 1078 1848 1120 circiter.

265 1154 349 1195 His
379 1153 484 1194 adde
505 1153 614 1208 quod
636 1166 808 1206 vapores
829 1152 872 1192 in
891 1153 985 1192 a'e're
1014 1151 1198 1202 latentes,
1232 1149 1327 1191 cum
1358 1150 1440 1191 sint
1468 1149 1636 1190 alterius
1669 1149 1830 1190 elateris
1860 1157 1902 1191 et

206 1223 371 1264 alterius
392 1223 493 1272 toni,
525 1223 574 1276 (ὃ)
596 1222 665 1263 vix
680 1230 751 1263 aut
769 1236 822 1264 ne
842 1221 912 1262 vix
931 1221 1098 1277 quidem
1116 1220 1362 1275 participant
1390 1227 1546 1260 motum
1568 1218 1673 1260 ae‘ris
1701 1210 1789 1259 veri
1817 1233 1900 1274 quo

207 1293 296 1335 soni
324 1301 618 1349 propagantur.
680 1292 761 1334 His
791 1300 928 1335 autem
957 1292 1269 1348 quiescentibuS,
1302 1297 1438 1332 motus
1457 1289 1527 1330 ille
1545 1288 1718 1331 celerius
1746 1303 1898 1348 propa-

1070 1429 1228 1471 particuIae
1242 1429 1319 1460 a'e‘ris
1334 1429 1391 1460 erit
1405 1428 1443 1460 ad
1459 1427 1652 1459 intervallum
1670 1426 1692 1458 S
1707 1426 1750 1469 -1-
1769 1425 1802 1456 D
1817 1423 1898 1456 inter

1071 1480 1174 1503 centra
1188 1473 1414 1512 particularum,
1432 1477 1468 1501 ut
1485 1475 1498 1501 1
1516 1470 1556 1501 ad
1571 1475 1591 1502 9
1605 1470 1653 1500 vel
1671 1473 1710 1500 10
1723 1468 1851 1504 circiter,
1866 1473 1900 1498 et

1071 1515 1112 1545 ad
1132 1514 1325 1545 intervallum
1350 1515 1372 1544 S
1393 1515 1472 1543 inter
1494 1512 1656 1551 particulas
1675 1517 1711 1542 ut
1730 1514 1742 1541 1
1761 1510 1801 1541 ad
1815 1514 1834 1540 8
1849 1509 1898 1540 vel

249 1431 295 1472 (Υ)
320 1434 337 1453 ²*
356 1434 549 1471 propagatur
570 1432 606 1462 in
627 1431 762 1462 instanti.
810 1430 893 1461 Nam
919 1440 1029 1470 corpus

205 1474 339 1504 solidum
353 1472 436 1513 quod
450 1473 627 1503 condensari
642 1482 705 1503 non
716 1478 823 1511 potest,
839 1473 914 1503 dum
926 1483 1029 1502 move-

204 1522 265 1553 tur,
281 1521 381 1546 totum
396 1515 488 1545 simul
502 1521 653 1550 movetur,
670 1521 701 1545 et
714 1514 783 1545 ideo
797 1520 899 1546 motus
913 1516 952 1545 ab
965 1525 1030 1544 uno

205 1558 338 1597 corporis
363 1557 447 1587 illius
475 1563 611 1586 extremo
637 1556 677 1587 ad
699 1556 830 1586 alterum
858 1562 1029 1588 extremum

205 1605 390 1640 propagatur
399 1599 433 1628 in
447 1599 582 1629 instanti.

249 1642 297 1683 (²)
315 1644 332 1661 *³
351 1643 506 1672 Diameter
514 1643 677 1681 particular
689 1642 767 1672 aeris
780 1642 845 1678 erit,
861 1641 915 1672 διο.
953 1641 1029 1672 Fin-

205 1690 319 1724 gantur
342 1683 414 1713 cubi
438 1682 502 1713 duo
526 1683 668 1723 aequales,
695 1693 829 1723 quorum
857 1683 933 1714 alter
960 1685 1030 1715 a'e're

205 1726 315 1764 plenus
329 1725 377 1762 sit,
392 1724 468 1755 alter
481 1725 584 1755 medio
597 1725 743 1756 continuo
757 1725 896 1767 ejusdem
911 1725 1030 1757 circiter

205 1767 364 1798 densitatis
384 1777 457 1797 cum
478 1766 558 1807 aqua
571 1767 619 1797 vel
633 1767 754 1798 salibus.
803 1768 877 1798 Hoc
891 1768 1029 1798 medium

205 1809 389 1840 continuum
413 1808 544 1839 divisum
573 1809 612 1839 sit
638 1809 672 1838 in
696 1809 858 1847 particulas
885 1810 1027 1849 aequales,

205 1851 397 1881 tenuissimas
407 1856 438 1880 et
451 1860 516 1880 sese
530 1856 640 1881 mutuo
648 1851 876 1890 contingentes;
893 1851 945 1880 εἰέκ·
955 1852 1026 1882 νει-ὂ

204 1903 243 1923 ex
256 1892 434 1933 hujusmodi
448 1892 614 1930 particulis,
624 1902 694 1932 quae
705 1893 871 1932 oequalibus
882 1892 1026 1923 interval-

204 1934 244 1964 lis
257 1934 406 1964 distinctae
420 1933 489 1970 sint,
505 1940 630 1964 constet.
669 1934 793 1964 Harum
807 1934 1025 1972 particularum

204 1976 352 2006 diameter
376 1975 494 2006 dicatur
517 1976 560 2011 D,
583 1975 715 2015 spatium
735 1976 814 2005 inter
827 1976 895 2006 illas
908 1976 941 2005 in
955 1977 1024 2007 a'eIre

204 2018 406 2057 interceptum
423 2018 454 2054 S,
476 2023 507 2047 et
521 2016 591 2048 ideo
610 2017 804 2047 intervallum
821 2017 901 2047 inter
921 2024 1024 2048 centra

204 2060 423 2099 particularum
437 2059 514 2089 a'elris
531 2060 552 2089 S
568 2060 611 2102 -Ι-
630 2060 673 2096 D,
696 2069 843 2089 numerus
862 2059 1026 2097 particula-

204 2112 275 2132 rum
296 2102 372 2132 aiiris
385 2101 417 2131 in
431 2111 496 2131 uno
516 2101 587 2132 cubi
609 2101 701 2132 latere
719 2101 760 2136 N,
783 2106 815 2130 et
835 2100 962 2139 proinde
976 2111 1026 2131 ea-

204 2154 274 2174 rum
296 2154 443 2174 numerus
464 2143 496 2173 in
517 2145 597 2174 cubo
618 2150 682 2174 toto
696 2144 784 2173 a'ereo
807 2143 839 2173 N
854 2144 878 2179 3,
903 2148 933 2172 et
947 2142 1027 2174 latus

204 2187 275 2216 cubi
298 2186 331 2216 N
348 2186 369 2215 S
384 2186 426 2227 -Ι-
445 2185 471 2214 N
490 2186 532 2215 D.
581 2186 627 2216 Sit
643 2185 681 2215 M
696 2195 843 2215 numerus
863 2184 1026 2223 particula-

204 2238 274 2258 rum
296 2228 419 2258 alterius
439 2227 533 2257 medii
553 2227 689 2258 continui
705 2227 738 2256 in
752 2236 816 2257 uno
830 2227 921 2257 latere
942 2227 1024 2264 cubi,

204 2276 235 2300 et
248 2276 406 2310 propterea
421 2270 459 2299 M
474 2271 488 2292 ³
503 2279 607 2299 earum
629 2279 775 2299 numerus
795 2269 828 2298 in
850 2270 929 2299 cubo
949 2275 1023 2306 toto,

204 2323 240 2343 ac
267 2313 304 2343 M
324 2313 355 2342 D
378 2313 447 2342 cubi
474 2311 561 2341 latus.
611 2312 694 2347 Quia
718 2311 781 2341 duo
801 2312 871 2341 cubi
893 2311 1024 2351 aequales

204 2360 431 2394 supponuntur,
458 2354 515 2383 erit
538 2354 570 2383 N
588 2354 609 2383 S
624 2354 667 2395 4
686 2354 717 2384 N
735 2354 768 2384 D
782 2366 827 2382 =
843 2353 881 2383 M
900 2353 942 2383 D.
991 2354 1023 2384 Si

204 2397 336 2426 densitas
358 2396 434 2426 u‘eris
458 2396 497 2425 sit
520 2396 559 2425 ad
583 2395 762 2426 densitatem
786 2395 910 2426 alterius
932 2396 1025 2426 medii

204 2438 341 2476 cqntinui
363 2445 399 2467 ut
415 2441 426 2467 l
447 2437 486 2467 ad
505 2439 554 2475 A;
575 2438 647 2477 quia
667 2438 790 2477 paribus
809 2437 1023 2474 voluminibus,

204 2481 370 2511 densitates
383 2487 455 2510 sunt
470 2486 504 2510 ut
518 2480 700 2519 quantitates
714 2480 859 2516 materiae,
874 2489 943 2519 quae
952 2486 1026 2510 sunt

203 2529 240 2553 ut
254 2523 373 2552 numeri
389 2522 606 2561 particularum
618 2521 829 2562 magnitudine
839 2527 869 2551 et
879 2521 1026 2553 densitate

204 2565 378 2605 aequalium,
400 2564 457 2594 erit
475 2567 487 2594 1
507 2576 514 2594 ι
534 2565 563 2593 A
578 2576 623 2592 =
642 2564 672 2593 N
689 2566 702 2586 ³
719 2576 726 2594 ε
747 2565 785 2594 Μ
801 2566 824 2600 3,
847 2570 878 2594 et
893 2563 963 2594 hinc
981 2568 994 2594 l
1013 2576 1020 2594 :

205 2607 339 2662 A⁴3=
356 2631 412 2662 N:
432 2631 481 2668 M,
498 2630 627 2671 ideoque
645 2631 738 2661 M=
755 2632 831 2662 NA
849 2606 883 2660 ὲ.
921 2631 1025 2667 Quare

203 2699 337 2730 cumsit
362 2674 1022 2741 Ns÷ND=MD=NDA32

204 2740 959 2808 crits÷D=DA5,etS=D><[A3—-
980 2765 1028 2808 1]‚

203 2833 406 2875 ideoqueD:
428 2808 874 2866 S=1:A3--1aeD:
897 2833 1025 2875 S·{·D

203 2913 248 2930 =
267 2904 307 2932 1:
328 2902 359 2933 Α
376 2876 410 2931 ⁴¹53,
455 2902 530 2934 Jam
554 2903 579 2933 si
605 2909 737 2942 ponatur
764 2903 795 2932 A
817 2902 881 2932 fere
902 2900 1025 2942 aequalis

204 2978 333 2999 numero
348 2974 419 3003 870,
437 2970 493 3000 crit
508 2971 568 3001 fere
587 2971 616 3000 A
634 2945 656 2994 ὲ
671 2983 717 2999 =
734 2973 772 3007 9;
793 2969 817 2999 si
839 2968 911 3001 ver&
931 2978 1026 3008 pona-

203 3017 256 3040 tur
273 3011 303 3040 A
318 3024 363 3041 =
384 3015 471 3047 1000,
488 3012 534 3043 vel
553 3014 581 3043 A
598 3016 751 3047 =1100‚
767 3011 815 3041 vel
832 3013 919 3042 A=
933 3014 1023 3046 1200,

203 3077 260 3110 crit
281 3077 343 3113 sere
369 3080 396 3110 A
417 3054 438 3103 ²13
455 3092 500 3110 =
518 3084 575 3118 ¹05
599 3080 682 3111 unde
704 3079 850 3113 diameter
867 3080 899 3110 D
921 3078 1025 3110 solida:

1073 1561 1101 1589 9.
1151 1556 1285 1587 Proinde
1299 1557 1433 1595 spatium
1448 1561 1548 1585 totum
1557 1554 1641 1594 quod
1654 1551 1811 1592 particulae
1825 1551 1898 1582 soli-

1069 1599 1120 1629 dae
1135 1599 1168 1628 in
1182 1597 1265 1629 linea
1279 1598 1359 1628 recta
1373 1597 1444 1628 data
1465 1597 1572 1636 positae
1593 1600 1754 1635 occupant,
1777 1595 1834 1624 erit
1854 1593 1896 1624 ad

1071 1641 1202 1680 spatium
1224 1641 1376 1680 reliquum
1397 1639 1480 1679 quod
1501 1638 1665 1669 intervalla
1678 1636 1897 1677 particularum

1071 1683 1105 1713 in
1126 1682 1234 1713 effidem
1255 1681 1338 1713 linea
1359 1688 1473 1716 tenent,
1496 1687 1533 1711 ut
1550 1685 1562 1711 l
1582 1680 1620 1715 ad
1636 1684 1655 1710 8
1671 1680 1718 1710 vel
1734 1683 1753 1711 9
1767 1678 1896 1715 circiter,

1072 1730 1103 1756 et
1124 1725 1163 1755 ad
1185 1731 1280 1755 totam
1304 1724 1418 1755 lineam
1438 1729 1474 1754 ut
1498 1726 1511 1753 1
1536 1723 1576 1753 ad
1592 1728 1611 1755 9
1625 1722 1673 1752 vel
1689 1725 1738 1752 10.
1788 1720 1847 1751 Sed
1869 1719 1896 1751 si

1071 1767 1159 1798 nulla
1173 1768 1320 1797 habeatur
1333 1767 1409 1797 ratio
1424 1764 1630 1796 crassitudinis
1644 1763 1809 1795 solidarum
1826 1771 1895 1800 par-

1070 1809 1234 1839 ticularum
1249 1809 1333 1843 εὲτίς,
1357 1818 1451 1838 sonus
1465 1807 1578 1837 lineam
1591 1812 1704 1836 rectam
1833 1807 1895 1836 979

1069 1851 1196 1890 longam
1210 1857 1347 1888 tempore
1361 1849 1474 1878 minuti
1488 1845 1581 1878 unius
1591 1846 1717 1878 secundi
1731 1844 1890 1876 describit:

1067 1902 1161 1932 quare
1175 1891 1248 1922 cum
1262 1901 1356 1921 sonus
1369 1900 1424 1930 per
1437 1890 1570 1928 spatium
1579 1895 1679 1919 totum
1691 1887 1774 1928 quod
1788 1887 1894 1918 solidae

1067 1933 1226 1973 particulae
1240 1933 1316 1963 a'elris
1330 1938 1492 1971 occupant,
1508 1931 1541 1961 in
1555 1931 1680 1961 instanti
1696 1936 1892 1970 propagetur,

1065 1982 1097 2006 et
1110 1976 1149 2005 sit
1165 1980 1184 2006 9
1198 1974 1237 2005 ad
1254 1978 1267 2004 1
1286 1980 1322 2004 ut
1336 1974 1417 2004 linea
1437 1973 1530 2011 pedes
1546 1976 1607 2004 979
1621 1973 1716 2011 longa
1737 1971 1777 2002 ad
1798 1971 1894 2010 ipsius

1066 2023 1184 2057 partem
1203 2026 1298 2056 quam
1318 2016 1476 2055 particulae
1496 2014 1602 2045 solidae
1623 2014 1700 2045 a'elris
1720 2019 1891 2052 occupant,-

1068 2089 1184 2123 partem
1203 2083 1298 2121 inam,
1320 2093 1390 2124 quae
1404 2089 1450 2116 est
1463 2060 1535 2140 ἕξ),
1558 2091 1613 2112 seu
1631 2085 1690 2113 109
1704 2079 1820 2121 pedum
1832 2080 1878 2111 cir

1068 2151 1152 2188 citer,
1167 2151 1278 2182 addere
1291 2151 1362 2182 licet
1376 2150 1473 2190 spatio
1488 2154 1549 2183 979
1563 2149 1689 2190 pedum.

1111 2193 1159 2235 (²)
1177 2196 1194 2213 ¹*
1219 2195 1272 2224 Vis
1292 2200 1347 2224 auc
1362 2204 1400 2224 πε
1415 2194 1462 2223 viz*
1483 2195 1604 2234 quidem
1619 2191 1808 2232 participant
1827 2202 1891 2222 mo-

1068 2242 1136 2267 tum
1149 2237 1227 2274 aie'rzfs
1240 2238 1303 2266 veri
1316 2246 1374 2276 quo
1390 2237 1456 2265 som*
1472 2240 1693 2276 propagantur.
1740 2233 1825 2263 Nam
1845 2233 1888 2264 vf-

1066 2278 1214 2308 bratorius
1238 2277 1454 2316 particularum
1479 2277 1556 2307 a'elris
1576 2282 1688 2313 motus,
1712 2284 1774 2315 quo
1795 2284 1891 2306 sonus

1065 2320 1252 2359 producitur,
1279 2320 1461 2357 corporibus
1478 2318 1616 2359 ejusdem
1639 2318 1705 2348 toni
1731 2317 1829 2354 facile,
1858 2322 1891 2348 αἱ

1066 2362 1241 2401 corporibus
1261 2362 1385 2392 alterius
1405 2361 1523 2390 clateris
1537 2367 1568 2390 et
1582 2360 1706 2390 alterius
1727 2359 1790 2389 toni
1805 2358 1887 2400 egre

1067 2410 1120 2434 aut
1148 2403 1235 2434 nullo
1264 2403 1357 2433 modo
1391 2403 1611 2432 communicari
1645 2407 1744 2441 potest
1781 2401 1884 2442 (5517).

1070 2445 1163 2477 Unde
1177 2446 1202 2476 si
1217 2446 1416 2484 atmosphaera
1437 2450 1554 2475 constet
1574 2454 1612 2474 ex
1633 2444 1738 2475 decem
1753 2442 1888 2482 partibus

1067 2488 1144 2519 a‘e'ris
1158 2489 1220 2518 veri
1234 2494 1265 2518 et
1278 2487 1341 2518 unii
1363 2493 1448 2526 parte
1470 2496 1624 2525 vaporum,
1648 2486 1747 2525 sitque
1760 2484 1888 2524 proinde

1068 2536 1167 2560 totum
1188 2530 1310 2569 pondus
1329 2530 1538 2568 atmosphaerae
1552 2528 1590 2558 ad
1605 2528 1727 2567 pondus
1739 2535 1888 2566 vaporum

1067 2580 1103 2602 ut
1121 2576 1153 2602 1]
1173 2572 1211 2603 ad
1229 2576 1257 2608 1,
1284 2578 1314 2602 et
1338 2571 1378 2602 ad
1398 2571 1519 2610 pondus
1540 2571 1617 2600 a’elris
1637 2569 1708 2604 veri,
1734 2568 1888 2599 subducto

1066 2614 1200 2653 pondere
1222 2624 1379 2653 vaporum,
1398 2618 1435 2643 ut
1458 2616 1491 2643 11
1516 2612 1556 2642 ad
1580 2615 1626 2647 10.
1654 2610 1822 2641 minuenda
1842 2616 1889 2641 est

1066 2657 1219 2696 quantitas
1233 2656 1366 2686 materiae
1379 2654 1538 2685 movendae
1552 2654 1584 2683 in
1598 2653 1715 2683 ratione
1730 2656 1761 2683 11
1777 2652 1817 2683 ad
1835 2656 1885 2683 10.⁴

1069 2699 1128 2729 Sed
1144 2700 1168 2728 si
1183 2699 1315 2729 densitas
1328 2697 1429 2732 medii,
1445 2697 1508 2727 sive
1518 2695 1669 2736 quantitas
1682 2695 1816 2725 materiae
1829 2695 1888 2726 sub

1068 2740 1138 2771 dato
1152 2741 1307 2771 volumine
1316 2745 1475 2775 contentae,
1491 2738 1606 2769 caeteris
1616 2737 1748 2776 paribus,
1765 2737 1887 2767 minuu-

1068 2788 1127 2816 tur,
1143 2783 1285 2813 velocitas
1299 2782 1364 2812 soni
1379 2787 1510 2822 augetur
1523 2780 1555 2809 in
1569 2779 1676 2810 eadem
1685 2779 1801 2810 ratione
1814 2779 1888 2809 sub·

1068 2823 1224 2863 duplicata
1254 2827 1331 2866 (ρετ
1344 2824 1435 2862 Prop.
1462 2822 1662 2861 XLvlll.).
1712 2822 1817 2856 Quare
1839 2820 1901 2861 (iu

1070 2867 1157 2906 Hyp.
1179 2866 1298 2906 Newt.)
1315 2866 1455 2897 velocitas
1475 2864 1541 2895 soni
1562 2863 1706 2903 augenda
1718 2869 1764 2893 est
1784 2862 1817 2892 in
1837 2872 1887 2892 r·-

1068 2909 1151 2939 tione
1171 2907 1383 2948 subduplicatii
1400 2911 1439 2938 lo
1451 2906 1490 2937 ad
1510 2909 1556 2942 11,
1579 2906 1626 2936 vel
1642 2906 1674 2935 iu
1688 2903 1807 2945 integra
1828 2904 1887 2935 cir-

1068 2950 1142 2981 citer
1156 2951 1272 2982 ratione
1282 2955 1323 2981 20
1337 2950 1376 2981 ad
1391 2953 1425 2980 21
1439 2960 1449 2987 ς
1465 2954 1494 2979 et
1509 2947 1578 2978 ide&
1587 2949 1717 2987 spatium
1730 2947 1802 2978 dato
1809 2952 1887 2976 tem-

1068 3002 1141 3031 pore
1166 2993 1279 3023 minuti
1302 2992 1395 3022 unius
1421 2990 1547 3021 secundi
1577 2990 1774 3029 descriptum,
1803 2987 1887 3028 quod

1068 3041 1131 3065 erat
1150 3039 1228 3066 1088
1243 3033 1367 3074 pedum,
1378 3043 1416 3064 au
1441 3032 1555 3062 endum
1567 3032 1598 3061 in
1610 3032 1774 3062 rationem
1784 3031 1823 3060 ad
1833 3033 1883 3060 21.

1069 3076 1129 3109 Est
1147 3083 1250 3109 autem
1266 3076 1328 3108 fere
1342 3079 1384 3108 20
1451 3078 1487 3106 21
1507 3081 1543 3105 ut
1560 3078 1638 3105 1088
1653 3073 1691 3105 nd
1710 3076 1798 3104 1142.
