2066 3548
184 284 331 327 ann
353 284 569 336 Snctmn]
620 269 938 327 PRINCIPI'A
969 283 1459 326 MATHEMATICA.
1494 282 1504 286 “
1802 290 1880 331 171

124 388 125 391 ¹
183 390 294 441 trum
312 389 576 440 oscillationis
595 392 710 455 globi
728 395 921 440 distantia
938 405 1044 438 esset
1062 397 1217 452 pedum
1240 400 1335 450 10}-
1396 397 1448 439 In
1478 397 1552 438 filo
1579 406 1780 452 punctum
1804 415 1883 441 no-

183 471 265 512 tavi
283 470 457 525 pedibus
478 469 620 511 decem
639 478 681 512 et
698 468 819 511 uncie
839 468 921 510 une
937 484 963 510 a
977 476 1118 509 centro
1133 468 1411 523 suspensionis
1423 467 1603 518 distans3
1624 476 1666 510 et
1677 484 1701 510 e
1714 470 1882 526 regione

182 542 326 598 puncti
345 543 453 584 illius
473 542 670 584 collocavi
688 541 875 598 regulam
894 541 938 582 in
958 540 1109 597 digitos
1125 540 1373 590 distinctam,
1403 554 1579 596 quorum
1599 554 1677 595 ope
1695 549 1884 583 notarem

181 614 460 672 longitudines
475 629 644 656 arcuum
662 629 688 655 a
705 614 888 669 pendulo
907 613 1144 668 descriptas.
1203 613 1371 655 Deinde
1385 614 1597 656 numeravi
1609 613 1883 656 oscillationes

183 686 331 742 quibus
350 687 498 744 globus
518 695 703 727 octavam
722 693 858 727 motus
879 685 941 726 sui
959 693 1121 740 partem
1140 684 1359 726 amitteret.
1423 685 1468 726 Si
1495 684 1724 738 pendulum
1752 684 1883 725 dedu-

182 758 351 799 cebatur
362 773 387 799 a
401 749 698 812 perpendiculo
717 756 771 798 ad
791 757 1026 798 distantiam
1045 756 1224 798 duorum
1253 756 1489 813 digitorum,
1519 763 1561 797 et
1579 756 1676 798 inde
1694 755 1883 797 demitte-

180 829 324 878 batur3
363 829 421 869 ita
450 838 498 870 ut
527 836 616 870 toto
650 842 726 869 suo
756 827 958 868 descensu
986 826 1238 868 describeret
1265 841 1406 868 arcum
1436 826 1612 867 duorum
1643 826 1879 883 digitorum,

182 899 348 955 tuteque
368 899 622 940 oscillatione
640 898 787 953 prime,
809 913 863 939 ex
875 898 1076 939 descensu
1096 907 1138 940 et
1155 912 1328 939 ascensu
1347 886 1880 954 subsequente'composite,

181 987 320 1015 arcum
350 971 572 1028 digitorum
592 971 677 1012 fere
698 978 895 1027 quatuor:
927 970 979 1026 (d)
1000 970 1110 1011 idem
1141 970 1462 1011 oscillationibus
1495 974 1576 1011 164
1606 967 1742 1009 amisit
1771 975 1882 1009 octa-

180 1059 273 1085 vam
291 1042 426 1084 motfis
447 1043 510 1083 sui
528 1051 701 1097 partem,
731 1041 790 1082 sic
808 1049 854 1083 ut
874 1041 1019 1082 ultimo
1038 1056 1114 1082 suo
1133 1056 1303 1083 ascensu
1334 1040 1586 1082 describeret
1603 1053 1746 1080 arcum
1765 1038 1884 1095 digiti

179 1115 300 1156 unius
314 1129 407 1156 cum
422 1114 552 1155 tribus
564 1113 747 1168 partibus
759 1112 914 1168 quartis
930 1112 1059 1169 digiti.
1095 1112 1139 1154 Si
1151 1112 1286 1166 primo
1300 1111 1501 1154 descensu
1514 1109 1730 1165 descripsit
1741 1124 1883 1150 arcum

173 1187 402 1243 digitorum
423 1193 622 1242 quatuor3
643 1184 779 1226 amisit
797 1193 983 1226 octavam
1013 1184 1148 1226 motfis
1175 1193 1336 1239 partem
1356 1183 1678 1225 oscillationibus
1701 1188 1796 1232 121,
1827 1181 1885 1223 ita

178 1267 226 1300 ut
245 1273 416 1300 ascensu
444 1257 591 1298 ultimo
620 1256 871 1297 describeret
899 1270 1041 1296 arcum
1070 1255 1294 1312 digitorum
1316 1258 1383 1308 33.
1445 1254 1491 1296 Si
1518 1253 1654 1309 primo
1685 1252 1886 1294 descensu

177 1328 392 1383 descripsit
410 1342 552 1368 arcum
571 1326 795 1383 digitorum
815 1333 923 1376 oct0,
946 1325 1166 1376 sexdecim,
1197 1325 1366 1381 triginta
1385 1324 1563 1366 duorum
1581 1322 1648 1364 vel
1667 1322 1886 1379 sexaginta

177 1411 376 1458 quatuor3
411 1399 546 1441 amisit
573 1406 760 1440 octavam
788 1397 924 1439 motiis
953 1406 1113 1453 partem
1143 1398 1463 1439 oscillationibus
1483 1403 1552 1447 69,
1576 1398 1672 1449 ὅδὲ,
1698 1397 1792 1448 18ᾖ,
1815 1395 1882 1445 9ξ,

176 1470 412 1526 respective.
472 1470 608 1526 Igitur
627 1469 855 1510 differentia
872 1469 982 1510 inter
1004 1483 1123 1510 arcus
1152 1469 1353 1510 descensu
1380 1469 1517 1524 primo
1536 1475 1578 1510 et
1597 1482 1769 1509 ascensu
1788 1467 1884 1509 ulti-

175 1557 245 1583 mo
264 1542 504 1596 descriptos,
536 1547 625 1581 erat
643 1540 687 1580 in
707 1554 805 1580 casu
824 1539 973 1593 prim0,
995 1539 1190 1589 secundo,
1213 1540 1347 1590 tertio,
1369 1548 1529 1595 quarto,
1558 1539 1716 1595 quinto,
1748 1547 1881 1589 sexto,

175 1613 398 1668 digitorum
418 1611 456 1662 ὲ,
478 1614 518 1663 3¹3,
545 1616 582 1660 1,
605 1615 645 1660 2,
668 1615 709 1658 4,
732 1616 756 1651 8
788 1608 1026 1664 respective.
1087 1609 1136 1664 (θ)
1167 1609 1420 1651 Dividantur
1449 1625 1510 1652 eae
1539 1609 1781 1652 differentiae
1807 1624 1884 1664 per

174 1697 392 1725 numerum
422 1680 725 1722 oscillationum
743 1680 787 1720 in
807 1694 905 1720 casu
923 1694 1185 1735 unoquoque,
1217 1688 1258 1721 et
1276 1680 1320 1720 in
1340 1680 1594 1722 oscillatione
1613 1679 1695 1722 une
1724 1680 1883 1722 medio-

173 1757 246 1807 cri,
269 1755 350 1811 que
370 1768 490 1795 arcus
511 1752 732 1809 digitorum
756 1751 822 1802 33,
839 1754 906 1803 73,
932 1756 999 1801 15,
1015 1757 1082 1800 30,
1103 1757 1171 1801 60,
1189 1756 1270 1792 120
1291 1751 1520 1806 descriptus
1539 1750 1629 1801 fuit,
1652 1750 1882 1792 differentia

172 1823 340 1868 arcuum
372 1824 573 1866 descensu
593 1830 635 1865 et
654 1822 928 1877 subsequente
956 1836 1128 1863 ascensu
1149 1821 1464 1877 descriptorum,
1495 1822 1575 1864 erit
1592 1823 1684 1874 «δὴ,
1702 1822 1794 1874 fif,
1812 1823 1879 1874 ἐς»

173 1897 240 1950 741,
258 1896 324 1948 ᾖ,
344 1894 398 1947 {3
416 1901 554 1950 partes
574 1892 693 1950 digiti
712 1890 948 1948 respective.
991 1891 1036 1948 (¹⁷)
1057 1891 1142 1933 Hae
1157 1900 1295 1935 autem
1312 1893 1358 1935 in
1375 1892 1599 1948 majoribus
1614 1892 1879 1934 osculationi-

1043 2037 1203 2069 ratiocinio
1226 2037 1267 2069 ad
1290 2041 1359 2070 164.
1385 2038 1589 2069 oscillationes
1613 2038 1792 2070 continuato
1816 2038 1878 2069 dif-

1044 2080 1174 2111 ferentia
1198 2081 1278 2111 inter
1301 2081 1498 2111 altitudinem
1523 2091 1541 2111 e
1561 2081 1623 2121 qufi
1645 2091 1756 2120 corpus
1776 2080 1878 2120 prime

1045 2122 1210 2160 descendit,
1223 2129 1255 2153 et
1268 2123 1461 2153 altitudinem
1476 2123 1517 2153 ad
1530 2133 1623 2162 quam
1639 2122 1751 2154 ultime
1772 2133 1876 2153 assur-

1044 2165 1131 2199 rexit,
1154 2173 1200 2195 est
1214 2171 1250 2194 ut
1260 2175 1382 2195 summa
1396 2165 1499 2194 motus
1512 2174 1604 2204 quem
1626 2165 1795 2195 resistentia
1816 2165 1876 2195 du-

1044 2207 1183 2237 rantibus
1206 2206 1268 2236 illis
1291 2210 1362 2237 164.
1385 2206 1626 2237 oscillationibus
1645 2207 1801 2238 destruere
1823 2217 1876 2238 va-

1044 2249 1114 2280 luit.

1088 2291 1134 2332 (²)
1152 2294 1169 2312 ⁸
1185 2293 1379 2323 Dividaneur
1391 2302 1434 2322 eoe
1448 2293 1628 2335 differ-eutice
1636 2302 1696 2332 per
1708 2302 1874 2323 numerum

1044 2336 1274 2371 oscillationum,
1297 2335 1352 2364 διε.
1401 2334 1546 2373 Exempli
1562 2335 1663 2370 cause,
1686 2335 1711 2364 si
1725 2334 1759 2363 in
1772 2334 1874 2373 pn'mo

174 2039 314 2072 oentr‘fim
327 2038 522 2070 oscillationis
536 2045 567 2070 et
581 2037 737 2079 quomodo
750 2037 879 2068 inveniri
895 2037 998 2077 possit,

174 2083 378 2114 indicavimus
398 2082 432 2111 in
456 2081 571 2112 scholio
591 2086 660 2119 post
674 2087 778 2111 notam
794 2083 868 2110 478:
881 2080 951 2111 Lib.
970 2080 998 2111 1.

178 2126 223 2156 Et
236 2136 273 2156 ex
288 2125 336 2154 his
349 2135 419 2164 quae
434 2123 476 2154 ibi
492 2123 574 2153 dieta
587 2129 668 2159 sunt,
691 2123 763 2152 satis
776 2122 873 2162 liquet
886 2122 919 2151 in
934 2122 1002 2152 lon-

173 2168 310 2209 gioribus
324 2166 466 2206 pendulis
483 2165 614 2205 graviori
629 2165 722 2205 globo
736 2164 891 2194 instructis
904 2170 936 2194 et
950 2164 1003 2194 filo

174 2210 271 2246 tenui,
301 2215 442 2240 centrum
469 2207 668 2238 oscillationis
691 2216 764 2237 cum
789 2212 894 2236 centro
918 2206 1003 2247 globi

173 2252 346 2283 coincidere
359 2250 451 2291 quem
466 2248 613 2289 proxime.

218 2294 261 2336 (⁶)
278 2297 296 2315 ¹⁵
312 2297 400 2326 Idem
414 2294 641 2324 osculationibus
658 2294 727 2322 164.
746 2292 848 2322 amisit
863 2297 1002 2322 octavam

173 2337 272 2369 nwtfis
285 2339 335 2368 sui
342 2342 475 2376 partem,
498 2337 541 2365 sic
555 2340 592 2365 ut
612 2336 718 2366 ultimo
740 2345 794 2365 suo
809 2344 936 2365 ascensu
951 2336 1003 2365 de-

174 2381 314 2411 scriberet
327 2390 438 2410 arcum
453 2379 539 2417 digiti
550 2375 600 2418 l}

218 2425 236 2443 ὓ
255 2417 369 2463 Liqu'et
384 2423 435 2463 (ex
452 2420 525 2450 nota
537 2419 586 2461 (³)
599 2417 803 2459 praecedente)
819 2418 901 2459 quod
913 2417 1002 2449 diffe-

174 2464 272 2496 rentia
283 2465 361 2495 inter
375 2473 480 2494 arcum
491 2462 638 2492 descensu
650 2461 837 2500 descriptum
851 2468 881 2491 et
895 2471 1001 2491 arcum

174 2517 301 2538 ascensu
321 2508 524 2545 subsequente
545 2504 730 2543 descriptum
745 2504 784 2534 sit
797 2503 853 2534 toti
868 2503 1002 2533 retarda-

174 2549 251 2579 tioni
278 2559 371 2590 quam
399 2558 510 2586 corpus
537 2557 659 2586 passum
688 2552 734 2577 est
758 2545 1001 2585 proportionalis,

175 2591 305 2632 ideeque
313 2591 410 2621 motui
422 2590 574 2620 destructo
585 2599 639 2628 per
647 2589 823 2619 resistentiae
832 2588 1001 2625 actionem;

173 2634 316 2665 ascendat
329 2633 431 2673 itaque
445 2642 555 2670 corpus
569 2633 602 2661 in
616 2631 678 2661 fine
688 2632 796 2670 primae
807 2630 1004 2660 oscillationis

173 2677 213 2707 ad
227 2675 420 2707 altitudinem
441 2674 697 2715 qualemcunque,
721 2680 921 2713 sumaturque
942 2672 1003 2702 dif-

174 2718 303 2749 ferentia
316 2717 403 2749 arcfis
416 2727 543 2748 ascensu
557 2716 698 2755 descripti
714 2716 752 2746 ab
766 2725 839 2745 arcu
854 2715 1002 2745 descensu

105 2771 109 2775 '
173 2761 273 2801 primo
287 2761 437 2800 percursi:
464 2757 600 2790 secunda
620 2758 808 2788 oscillatIone
829 2767 939 2796 corpus
952 2766 1001 2787 as-

173 2804 303 2834 cendere
317 2802 440 2833 deberet
452 2802 486 2832 in
497 2811 594 2832 vacuo
607 2800 648 2831 ad
661 2810 730 2831 eam
744 2799 939 2830 altitudinem
960 2800 1001 2830 nd

171 2855 266 2886 quam
280 2845 314 2875 in
328 2844 389 2874 fine
409 2845 515 2883 primae
529 2843 724 2874 oscillatiouis
736 2847 948 2878 assurrexerat,
971 2847 1003 2873 et

172 2894 313 2918 sumatur
333 2886 417 2927 quod
437 2886 521 2916 deest
541 2886 574 2921 in
596 2885 731 2916 secundo
746 2894 873 2915 ascensu
886 2885 926 2915 ab
946 2883 1000 2914 illa

172 2929 348 2964 altitudine,
375 2928 446 2958 duae
464 2928 525 2958 illae
546 2927 726 2958 differentiae
746 2933 820 2958 sunt
840 2932 877 2956 ut
897 2932 1001 2957 motus

172 2973 205 3003 in
220 2971 343 3013 singula
357 2970 545 3001 oscillatione
557 2970 668 3006 amissi,
692 2979 798 3000 earum
819 2978 942 2998 summa
954 2974 1000 2999 est

171 3026 247 3057 ergo
260 3021 297 3045 ut
318 3023 439 3044 summa
451 3011 554 3043 motus
574 3012 675 3042 amissi
689 3012 723 3042 in
738 3018 868 3051 utraque
881 3010 1001 3041 oscilla.

173 3058 266 3094 tione,
294 3056 347 3087 sed
368 3055 439 3085 duae
459 3054 523 3085 illae
539 3052 721 3085 'differentiae
735 3060 809 3083 sunt
829 3053 1002 3083 differentia

171 3100 252 3131 inter
265 3097 460 3130 altitudinem
473 3107 492 3127 e
504 3096 566 3137 qui
579 3106 690 3136 eorpus
709 3094 811 3136 prime
832 3095 995 3131 descendit,

172 3149 204 3173 et
218 3141 413 3174 altitudinem
426 3139 466 3171 ad
480 3149 574 3181 quam
587 3138 698 3170 ultime
718 3137 900 3176 assuri-exin
924 3148 999 3179 ergo

1044 2387 1117 2407 casu
1131 2376 1286 2407 dividatur
1298 2376 1469 2406 differentia
1478 2376 1501 2418 ᾗ
1511 2386 1565 2415 per
1572 2386 1738 2407 numerum
1752 2375 1874 2406 oscilla-

1043 2429 1166 2461 tionum
1183 2433 1252 2467 164,
1268 2430 1428 2461 habebitur
1441 2421 1521 2471 ῃ-ἑό-
1536 2429 1707 2459 differentia
1727 2429 1808 2459 inter
1825 2439 1875 2459 ar-

1043 2483 1116 2503 cum
1138 2472 1286 2504 descensu
1306 2471 1491 2511 descriptum
1507 2477 1538 2502 et
1551 2481 1657 2502 arcum
1672 2472 1876 2511 subsequente

1044 2525 1172 2546 ascensu
1187 2515 1374 2554 descriptum
1388 2515 1421 2544 in
1437 2524 1499 2544 una
1512 2513 1658 2543 mediocri
1668 2513 1873 2552 oscillatione3

1045 2559 1118 2598 quia
1142 2557 1314 2588 differentia
1333 2557 1356 2599 {—
1376 2567 1414 2587 ex
1436 2557 1581 2586 omnibus
1602 2556 1780 2586 differentiis
1804 2565 1875 2596 quae

1045 2610 1100 2640 per
1113 2600 1315 2631 oscillationae
1327 2603 1387 2631 164
1397 2598 1620 2639 producuntur,
1637 2597 1802 2636 composita
1810 2605 1856 2629 est
1861 2609 1873 2636 3

1045 2649 1078 2673 et
1101 2644 1175 2684 quia
1199 2653 1287 2674 arcus
1314 2648 1398 2672 totus
1422 2640 1487 2671 unii
1514 2640 1660 2670 mediocri
1685 2640 1875 2671 oscillatione

1045 2685 1215 2724 descriptus
1239 2684 1360 2715 medius
1385 2689 1431 2714 est
1455 2681 1643 2713 arithmetice
1667 2681 1747 2712 inter
1767 2692 1875 2713 arcum

1044 2727 1216 2759 maximum
1240 2728 1305 2758 fere
1323 2726 1490 2767 digitorum
1511 2729 1540 2755 4.
1562 2723 1661 2763 ptime
1685 2724 1875 2756 oscillatione

1043 2782 1239 2820 descriptum,
1265 2787 1297 2812 et
1320 2790 1425 2811 arcum
1451 2778 1614 2809 minimum
1638 2777 1804 2818 digitorum
1826 2783 1844 2809 2

1043 2823 1155 2855 ultime
1177 2823 1366 2855 oscillatione
1391 2821 1587 2860 descriptum,
1613 2819 1684 2851 idee
1708 2831 1797 2851 arcus
1819 2821 1842 2851 il
1856 2832 1874 2851 e

1043 2866 1206 2898 mediocris
1227 2866 1381 2899 invenitur
1394 2863 1543 2902 capiendo
1562 2862 1728 2893 dimidium
1743 2872 1873 2894 summae

1042 2930 1171 2951 arcuum
1186 2923 1206 2949 4
1222 2919 1265 2961 -Ι-
1283 2910 1338 2960 ἳ-Ξ»,
1353 2918 1436 2958 quod
1450 2924 1498 2948 est
1511 2915 1563 2958 53,
1579 2924 1632 2947 ant
1643 2917 1734 2947 etiam
1749 2917 1872 2956 capien-

1042 2963 1084 2994 do
1118 2971 1273 2993 summam
1311 2971 1440 2991 arcuum
1484 2958 1692 2994 dimidiorum,
1733 2959 1874 2991 videlicet

1044 3009 1065 3036 2
1075 3005 1118 3047 -1-
1134 3003 1182 3046 ῙΞ.
1227 3005 1333 3043 Atque
1351 3002 1460 3034 eodem
1484 3001 1578 3032 modo
1592 3002 1631 3032 de
1645 3002 1761 3032 caeteris
1780 3003 1874 3033 ratio-

1043 3047 1211 3079 cinandum
1225 3052 1279 3076 est.

1085 3094 1126 3136 (f)
1144 3096 1161 3113 ’¹‘
1180 3094 1243 3124 11ae
1263 3099 1366 3124 autem
1387 3094 1422 3124 in
1443 3091 1605 3132 majoribus
1629 3093 1871 3129 oscitationibus

1041 3137 1096 3168 &c-
1146 3138 1163 3156 ὓ
1182 3135 1370 3167 Dividantur
1383 3145 1490 3167 omnes
1504 3145 1632 3167 arcuum
1646 3134 1826 3167 differentiae
1840 3135 1874 3165 in
