2066 3548
251 260 333 298 286

681 243 1132 291 PHILOSOPHIAE
1164 239 1525 285 NATURALIS
1594 234 1953 289 [Mor-Comma.

313 371 443 412 Corol.
476 366 592 409 Hinc
610 371 725 420 patet
745 362 857 419 quod
877 373 1072 402 numerus
1091 342 1284 413 pulsuum
1304 360 1628 411 propagatorum
1656 350 1767 392 idem
1786 350 1840 392 sit
1858 363 1954 391 cum

252 455 426 485 numero
445 438 720 481 vibrationum
740 433 923 488 corporis
944 431 1122 481 tremuli,
1153 445 1288 486 neque
1317 426 1613 482 multiplicatur
1631 424 1673 465 in
1693 437 1837 466 eorum
1855 435 1954 477 pro-

253 569 348 600 tionis
360 574 493 606 tempuS,
508 564 570 595 sive
581 569 680 593 totum
693 567 816 600 tempus
828 569 890 600 quo
904 557 1012 597 pulsus
1021 557 1083 587 sor-

255 617 359 641 matur
379 609 416 639 ad
440 617 547 639 omnes
567 604 732 645 particulas
745 613 815 643 quae
830 601 955 641 pulsum
972 599 1083 629 consti-

255 658 358 689 tuunt,
376 652 425 688 ita,
432 650 532 689 portio
546 648 662 688 quaevis
675 647 743 687 ejus
757 644 903 683 temporis
917 642 956 672 ad
972 651 1083 671 nume-

253 705 324 725 rum
353 692 574 732 particularum
603 699 673 730 quae
702 686 740 718 εὲι
769 686 916 726 temporis
943 683 1084 724 portione

254 742 375 767 motum
390 738 579 773 receperunt.

297 809 350 836 55.
377 805 424 836 Ut
437 803 548 838 melius
557 803 669 833 horum
680 810 752 831 cum
765 797 977 830 Newtonianis
987 805 1085 826 nexus

255 853 366 887 pateat,
389 847 440 877 hic
460 845 627 886 adjungere
647 844 735 873 lubet
758 842 850 880 Prop.
871 839 1005 870 XLIX.
1030 837 1083 867 de-

254 889 508 921 monstrationem
523 898 560 918 ex
578 884 728 917 XLVII.
750 884 1084 921 desumptamsquam-

254 933 301 962 vis
314 932 364 962 vix
380 931 496 961 diversa
511 929 550 959 sit
564 931 602 959 ab
617 929 652 958 iis
666 937 736 968 quae
749 926 783 956 in
796 927 862 964 ipso
874 930 958 954 textu
973 923 1083 962 legun-

254 981 315 1010 tur,
343 980 374 1004 et
398 973 497 1013 primo
521 971 657 1011 quidem,
684 970 724 999 sit
749 968 777 999 P
802 968 823 997 S
845 966 978 1005 spatium
1001 963 1084 1004 quod

255 1017 334 1047 fibra
359 1015 422 1045 unzi
446 1014 616 1044 vibratione
641 1011 744 1042 eundo
766 1009 926 1049 percurrit,
956 1017 992 1037 ex
1017 1007 1084 1046 ejus

255 1058 359 1088 medio
377 1058 407 1088 O
423 1063 459 1087 ut
473 1061 578 1086 centro
592 1054 780 1084 describatur
795 1051 926 1082 circulus
943 1049 971 1080 P
985 1049 1018 1079 K
1031 1049 1051 1079 S
1063 1048 1090 1082 k,

255 1102 283 1141 ej
288 1111 324 1130 us
338 1097 584 1130 circumferentia
598 1101 792 1135 repraesentet
801 1100 900 1124 totum
910 1090 1085 1122 vibrationis

254 1153 294 1173 ex
316 1143 361 1172 itu
379 1148 409 1171 et
423 1140 522 1170 reditu
544 1137 721 1177 compositae
741 1142 873 1175 tempuS‚
900 1139 998 1173 partes
1019 1133 1086 1173 ejus

255 1183 510 1215 circumferentiae
525 1187 561 1211 ut
578 1181 610 1211 K
628 1179 663 1210 H
675 1179 935 1218 repraesentabunt
947 1182 1084 1214 tempora

255 1227 368 1267 quibus
394 1225 470 1255 fibra
498 1234 552 1262 per
577 1222 711 1261 spatium
736 1219 974 1259 correspondens
998 1218 1030 1247 N
1054 1217 1083 1247 L
1098 1238 1112 1243 ,

255 1268 447 1304 movebitur;
472 1267 508 1296 H
526 1266 564 1303 L,
591 1265 624 1295 K
642 1264 674 1295 N
696 1263 958 1302 repraesentabunt
971 1259 1082 1289 veloci-

253 1317 332 1341 tates
346 1310 430 1345 fibrae
445 1309 476 1338 in
492 1307 614 1347 punctis
634 1306 667 1337 N
682 1311 713 1336 et
728 1305 768 1341 L,
791 1310 822 1335 et
844 1303 880 1334 H
897 1302 927 1333 L
940 1319 984 1327 —
1000 1301 1034 1332 K
1051 1301 1083 1331 N

254 1352 453 1383 velocitatum
467 1351 656 1380 incrementa
677 1348 726 1378 vel
746 1346 948 1381 decrementa,
971 1343 1083 1374 actioni

255 1395 372 1425 elaterii
398 1394 483 1424 fibrae
504 1390 750 1431 proportionalia,
771 1389 839 1419 haec
859 1387 963 1418 omnia
977 1391 1083 1426 patent

255 1447 292 1467 ex
309 1437 403 1476 Prop.
426 1433 641 1466 XXXVIII.
659 1440 690 1463 et
705 1432 767 1463 LI.
793 1430 865 1462 Lib.
883 1429 912 1460 I.

255 1525 257 1528 -
299 1511 328 1538 2.
357 1507 402 1537 Sit
419 1507 447 1538 Β
467 1507 492 1538 C
507 1504 672 1546 longitudo
685 1503 803 1543 pulsus,
820 1508 850 1532 et
865 1501 982 1532 dicatur
994 1501 1083 1530 Vra-

256 1550 326 1580 dius
347 1549 453 1580 circuli
476 1548 566 1590 cujus
588 1544 842 1578 circumferentiae
857 1544 910 1573 illa
925 1542 1087 1583 longitudo

259 1593 288 1622 B
308 1592 333 1623 C
356 1591 481 1631 aequalis
497 1590 585 1625 foret,
608 1588 678 1618 dico
692 1586 775 1628 quod
797 1587 842 1616 vis
863 1585 1009 1615 naturalis
1023 1585 1086 1615 ela-

255 1634 325 1664 terii
348 1633 442 1663 medii
465 1639 530 1662 erat
544 1631 583 1662 ad
599 1631 660 1660 vim
683 1628 924 1660 acceleratricem
946 1627 1030 1658 fibrae
1050 1633 1087 1657 ut

258 1671 765 1706 v-KNadHL—KN.

301 1747 372 1778 Sint
385 1745 468 1776 enim
483 1745 546 1775 duo
560 1748 676 1783 puncta
692 1742 722 1773 E
739 1747 770 1772 et
788 1741 819 1772 G
834 1741 866 1771 in
882 1750 939 1771 suo
954 1738 1085 1770 naturali

255 1789 316 1820 situ
333 1790 366 1818 in
381 1788 485 1818 medio
499 1787 633 1822 elastieo,
656 1795 726 1825 quae
741 1790 810 1823 post
824 1782 951 1823 aliquod
966 1790 1089 1820 tempus

255 1832 289 1861 in
310 1831 384 1861 locis
399 1843 409 1860 ι
425 1836 456 1859 et
471 1843 494 1867 ιγ
507 1834 680 1863 occurrant,
708 1831 850 1863 suscepto
871 1834 983 1862 nempe
997 1830 1086 1853 motu

256 1873 343 1902 fibrae
364 1871 535 1902 secundum
550 1870 633 1909 leges
647 1879 666 1898 a
681 1867 769 1897 nobis
783 1866 942 1904 expositas,
967 1864 1090 1905 singula

256 1914 383 1944 seorsim
395 1912 539 1943 eumdem
550 1916 671 1940 motum
682 1919 718 1939 ac
730 1909 805 1939 fibra
816 1909 984 1943 habebunt,
1002 1906 1088 1936 ideo-

255 1966 318 1996 que
342 1955 367 1985 si
392 1960 550 1993 sumptum
573 1952 666 1982 fuerit
691 1951 720 1981 Ε
738 1964 748 1982 ι
762 1964 808 1979 =
826 1951 854 1980 P
871 1950 900 1981 L
923 1949 980 1979 erit
1008 1949 1035 1978 P
1054 1948 1087 1978 H

256 2002 380 2036 tempus
407 1997 545 2035 elapsum
572 2005 591 2024 a
611 2000 769 2024 momento
793 2002 856 2032 quo
876 1998 1030 2030 punctum
1055 1991 1085 2020 E

259 2047 380 2070 motum
397 2039 479 2068 flbrae
494 2036 627 2075 suscepit
640 2042 671 2066 et
685 2036 742 2065 erit
759 2035 794 2064 H
813 2035 840 2064 L
855 2034 922 2074 ejus
942 2032 1086 2062 velocitas

256 2081 290 2111 in
307 2094 326 2115 ι,
345 2081 458 2119 pariter
480 2080 518 2109 sit
543 2079 573 2109 G
590 2092 612 2118 ιγ
626 2091 671 2107 =
690 2078 718 2108 P
735 2077 767 2107 N
789 2077 847 2106 erit
870 2076 898 2106 P
917 2075 950 2105 K
964 2081 1086 2114 tempus

256 2123 395 2162 elapsum
410 2133 428 2152 a
442 2127 599 2152 momento
614 2130 675 2160 quo
693 2119 723 2150 G
738 2125 858 2149 motum
879 2117 963 2148 fibrae
985 2127 1084 2147 susce-

257 2166 312 2204 pit,
329 2172 359 2195 et
373 2165 430 2195 erit
447 2165 480 2194 K
498 2164 529 2194 N
545 2164 611 2203 ejus
625 2162 767 2192 velocitas
781 2160 812 2190 in
829 2175 861 2200 oy,
885 2160 945 2190 sint
959 2157 1031 2189 vero
1054 2159 1083 2189 Ε

258 2213 289 2237 et
308 2207 336 2237 G
359 2213 476 2246 puncta
496 2206 656 2245 proxima;
683 2203 868 2242 compressio
891 2202 979 2241 spatii
1003 2202 1033 2231 E
1053 2201 1084 2232 G

256 2250 312 2280 ubi
326 2250 359 2279 in
375 2262 386 2279 ι
402 2262 425 2289 ιγ
448 2248 583 2287 pervenit
603 2247 700 2276 oritur
720 2256 758 2275 ex
773 2255 810 2275 eo
824 2244 907 2285 quod
921 2244 991 2283 plus
1011 2253 1082 2281 pro-

256 2292 346 2322 cessit
361 2305 371 2322 ι
386 2300 479 2331 quam
496 2304 528 2330 σγ,
544 2290 647 2329 itaque
663 2287 828 2318 diminutio
843 2288 908 2327 ejus
923 2286 1010 2325 spatii
1025 2286 1082 2316 erit

257 2333 384 2374 aequalis
406 2334 503 2372 spatio
526 2332 555 2362 L
579 2332 621 2366 N,
646 2329 777 2370 ideoque
803 2343 814 2360 ι
830 2343 853 2368 ιγ
877 2329 933 2359 erit
957 2328 1082 2368 aequalis

258 2376 290 2406 E
318 2375 349 2406 G
370 2392 414 2400 -
436 2375 465 2405 L
493 2375 535 2410 N,
565 2379 661 2414 utque
689 2372 766 2402 vires
794 2372 906 2412 quibus
933 2377 1083 2409 urgentur

257 2423 374 2457 puncta
386 2416 490 2452 medii,
502 2426 609 2446 eorum
624 2414 766 2445 densitati
781 2420 826 2444 est
839 2412 1081 2453 proportionalis,

257 2460 303 2490 vis
317 2466 381 2490 tota
394 2458 457 2499 quii
471 2463 600 2498 urgetur
622 2464 774 2496 punctum
790 2470 812 2496 y
827 2462 872 2486 est
887 2455 926 2485 ad
940 2465 1007 2484 eam
1022 2454 1084 2494 quei

257 2503 426 2542 urgebatur
451 2506 602 2539 punctum
631 2499 660 2529 G
684 2500 767 2540 (quae
787 2506 850 2528 erat
871 2498 917 2527 vis
938 2496 1084 2527 naturalis

257 2543 388 2584 elaterii)
413 2542 530 2573 inverse
548 2548 583 2573 ut
609 2542 742 2581 spatium
759 2554 770 2572 ι
786 2554 808 2580 νγ
823 2541 864 2571 ad
879 2540 908 2570 E
928 2539 958 2570 G
973 2549 1026 2569 seu
1049 2544 1085 2568 ut

258 2601 651 2681 ffiadELG.
702 2622 763 2653 Sed
784 2629 830 2652 est
850 2620 1084 2652 LNadKH

259 2710 296 2735 ut
311 2704 329 2735 1
347 2705 386 2735 M
401 2705 439 2734 ad
454 2704 573 2735 radium
598 2704 626 2735 P
644 2703 684 2738 O,
708 2707 739 2732 et
753 2711 824 2732 cum
842 2700 875 2731 K
893 2700 929 2730 H
945 2699 1083 2739 designet

258 2747 454 2777 intervallum
477 2747 622 2786 temporis
635 2755 698 2786 quo
713 2743 820 2783 pulsus
834 2754 852 2773 a
866 2748 982 2782 puncto
999 2742 1028 2772 E
1044 2741 1083 2771 ad

258 2795 410 2827 punctum
429 2790 457 2820 G
480 2789 626 2828 pervenit,
649 2794 695 2818 est
717 2788 785 2827 (per
799 2796 828 2814 n.
849 2785 918 2824 82.)
938 2784 969 2814 K
989 2784 1022 2814 H
1046 2783 1085 2813 ad

262 2831 291 2860 Ε
311 2831 341 2861 G
364 2837 400 2861 ut
421 2838 483 2862 tota
505 2829 751 2861 circumferentia
775 2828 803 2858 P
822 2827 853 2858 K
872 2828 893 2858 S
907 2827 929 2857 k
942 2827 980 2856 nd
1001 2826 1028 2856 B
1048 2827 1082 2859 C,

261 2873 323 2903 sive
339 2880 373 2903 ut
391 2873 419 2903 P
436 2874 465 2915 Q
481 2875 520 2904 ad
540 2873 590 2910 V;
615 2882 688 2911 ergo
712 2881 748 2901 ex
762 2868 861 2910 'aequo
882 2876 927 2900 est
953 2868 982 2899 L
1000 2869 1031 2898 N
1045 2868 1085 2898 ad

263 2914 293 2944 E
313 2916 341 2945 G
359 2922 394 2946 ut
413 2916 427 2946 1
445 2916 538 2947 Mad
556 2910 1085 2946 VetconvertendoEG—LN

262 2980 301 3011 aa
319 2982 347 3012 E
367 2983 396 3012 G
413 2978 860 3020 utv--IMadVide6que
875 2957 1090 3037 ΕΙ-θ-ΞἙ

327 3052 337 3078 l
535 3055 547 3082 l
686 3053 699 3080 l

262 3085 272 3106 s
290 3092 372 3132 Le&
454 3103 480 3132 v
496 3119 539 3125 -
557 3103 572 3132 ¹
592 3105 628 3132 M
646 3089 653 3107 :
673 3095 712 3133 -ν-
729 3085 764 3106 ac
779 3085 833 3115 per
847 3084 1035 3116 consequens
1046 3074 1090 3104 vis

1125 561 1190 586 tota
1202 553 1264 599 quii
1285 560 1414 596 urgetur
1434 558 1585 592 punctum
1601 564 1624 592 γ
1638 556 1684 581 est
1697 549 1737 581 ad
1750 549 1813 580 vim
1823 554 1952 580 ⁴natum-

1389 599 1555 645 —ss-
1581 620 1623 652 ad
1636 597 1677 642 .¹.

1390 648 1420 677 V
1434 665 1478 672 --
1494 648 1510 678 1
1529 647 1568 678 M
1647 640 1690 676 V’

1170 690 1227 721 Vis
1249 690 1301 720 illa
1322 697 1386 721 tota
1406 689 1468 730 quii
1488 687 1617 729 urgetur
1637 692 1789 728 punctum
1805 700 1828 727 »y
1842 692 1888 717 est
1909 687 1954 719 vis

1125 733 1274 763 naturalis
1293 732 1407 762 elaterii
1421 731 1514 762 medii
1535 732 1586 761 cui
1607 729 1800 770 superaddita
1823 735 1868 760 est
1888 736 1954 761 tota

1127 775 1173 804 vis
1197 775 1307 805 mon-ix
1331 775 1415 804 fibrae
1428 784 1497 814 quae
1518 774 1558 803 ad
1579 773 1610 803 id
1631 780 1782 812 punctum
1806 772 1951 811 pervenit,

1127 827 1201 857 ergo
1216 817 1381 848 dividendo
1395 823 1425 846 et
1438 816 1612 846 reducendo
1626 816 1666 846 ad
1680 813 1949 852 communem‘de-

1126 859 1358 893 nominatorem,
1383 859 1427 888 vis
1440 858 1550 887 motrix
1566 857 1650 888 fibrae
1664 858 1697 887 in
1711 864 1826 897 puncto
1842 856 1883 894 N,
1905 861 1953 888 at

1126 901 1241 931 affl„
1257 901 1427 931 „amnem
1449 900 1562 930 meum
1583 906 1619 930 υ*
1684 950 1801 1085 ww
1832 949 1945 1087 ,fllqjljllllll
2013 986 2017 987 ἢ

1125 621 1188 653 lem
1209 622 1324 653 elaterii
1337 628 1374 654 ut

1129 943 1256 974 IMad
1281 941 1466 978 v-IM,
1487 942 1618 972 sivein-

1126 983 1282 1022 vertendo,
1306 986 1351 1015 vis
1366 983 1512 1016 naturalis
1525 984 1618 1015 elate·

1126 1028 1163 1058 rii
1178 1028 1215 1058 ad
1227 1027 1288 1057 vim
1300 1034 1395 1058 totam
1407 1026 1565 1057 motricem
1581 1026 1617 1056 fl-

1126 1071 1188 1101 brae
1203 1070 1235 1099 in
1251 1077 1366 1110 puncto
1379 1070 1411 1100 N
1424 1076 1458 1099 ut
1468 1069 1540 1099 v—
1553 1069 1567 1099 Ι
1580 1069 1619 1099 M

1127 1112 1166 1143 ad
1181 1112 1197 1143 I
1211 1113 1258 1147 M,
1272 1112 1433 1152 velquiaI
1447 1111 1571 1142 MetK
1587 1112 1618 1142 N

1127 1165 1182 1194 pro
1203 1165 1235 1185 se
1257 1160 1366 1184 mutuo
1388 1154 1468 1184 sumi
1489 1160 1618 1192 possunt

1125 1197 1179 1227 ubi
1190 1204 1306 1236 puncta
1318 1197 1351 1227 N
1362 1203 1392 1227 et
1405 1197 1433 1227 L
1443 1202 1516 1226 sunt
1526 1206 1617 1234 prox-

1126 1239 1189 1270 ima
1214 1245 1260 1270 est
1287 1239 1332 1269 vis
1353 1239 1499 1273 naturalis
1524 1238 1618 1269 elate-

1125 1281 1163 1312 rii
1186 1281 1225 1312 ad
1247 1281 1309 1320 vim
1334 1287 1430 1321 totam
1458 1281 1618 1311 motricem

1126 1323 1210 1354 fibrae
1217 1330 1253 1354 ut
1260 1323 1450 1354 v-KNad
1460 1323 1492 1353 K
1501 1323 1550 1359 N;
1565 1323 1619 1353 sed

1126 1366 1171 1396 vis
1179 1366 1358 1397 totamotrix
1367 1366 1450 1395 fibrae
1459 1365 1548 1395 estad
1555 1366 1618 1395 vim
2063 1366 2066 1370 “

1125 1409 1193 1449 ejus
1219 1407 1458 1438 acceleratricem
1489 1407 1619 1438 durante
1989 1432 1994 1440 ,
2062 1385 2066 1424 1

1125 1450 1317 1490 tempuscula
1334 1450 1368 1481 K
1386 1451 1420 1481 H
1437 1456 1473 1480 ut
1490 1449 1523 1480 K
1536 1450 1568 1480 N
1579 1449 1620 1480 ad

1768 1951 1802 2086 Ξ

1742 2117 1769 2191 ΙΙ

1130 2129 1166 2159 Η
1178 2129 1206 2159 L
1217 2145 1261 2154 —
1274 2127 1308 2159 K
1322 2127 1364 2164 N,
1381 2136 1455 2167 ergo
1468 2136 1507 2157 ex
1519 2135 1617 2166 aequo,
1679 2085 1694 2230 b

1127 2177 1173 2202 est
1199 2171 1243 2200 vis
1266 2169 1413 2200 naturalis
1439 2168 1554 2200 elaterii
1579 2168 1620 2198 ad

1127 2214 1191 2243 vim
1217 2212 1455 2243 acceleratricem
1478 2211 1564 2240 fibrae
1584 2216 1620 2240 ut

1125 2255 1211 2285 V—
1227 2255 1261 2286 K
1277 2255 1310 2285 N
1325 2253 1364 2285 ad
1381 2253 1416 2283 H
1431 2252 1615 2295 L,—K»N.

1130 2298 1173 2333 Q.
1191 2308 1220 2328 e.
1236 2297 1266 2328 d.
1656 2298 1658 2300 '

1166 2344 1197 2370 5.
1238 2339 1278 2369 In
1308 2338 1373 2378 ipso
1404 2336 1506 2367 motus
1534 2336 1619 2367 fibrae

1125 2382 1223 2419 initio,
1236 2381 1281 2411 vis
1289 2380 1404 2411 elaterii
1413 2380 1499 2410 fluidi
1512 2379 1544 2409 in
1555 2385 1617 2409 sta-

1125 2431 1161 2455 tu
1185 2434 1242 2454 suo
1270 2422 1399 2453 naturali
1425 2428 1471 2451 est
1492 2422 1531 2451 ad
1555 2421 1617 2451 vim

1127 2465 1366 2496 acceleratricem
1382 2465 1467 2495 fibrae
1481 2470 1517 2494 ut
1533 2463 1564 2494 V
1578 2462 1618 2493 ad

1129 2509 1165 2540 H
1180 2509 1232 2545 K;
1249 2517 1321 2538 num
1336 2507 1403 2546 ipso
1417 2513 1520 2536 motus
1530 2504 1618 2535 initio

1127 2551 1153 2581 si
1167 2551 1195 2582 P
1209 2549 1240 2581 H
1253 2550 1292 2580 sit
1302 2548 1420 2579 infinite
1432 2557 1567 2587 parvum,
1581 2556 1618 2578 ae

1127 2604 1182 2632 per
1195 2601 1383 2632 consequens
1397 2591 1488 2620 etiam
1503 2589 1532 2619 Ε
1546 2602 1555 2619 ι
1568 2589 1616 2618 in-

1127 2634 1214 2666 finite
1234 2643 1361 2674 parvum
1384 2632 1490 2663 nullus
1515 2631 1617 2661 adhuc

1127 2684 1230 2708 motus
1250 2676 1290 2707 ad
1312 2675 1491 2715 particulam
1515 2673 1617 2712 proxi-

1126 2730 1209 2750 mam
1229 2720 1259 2750 G
1280 2717 1526 2748 communicatur
1547 2717 1618 2754 (per

1127 2772 1157 2792 n.
1176 2761 1225 2801 4.)
1241 2771 1316 2801 ergo
1329 2758 1455 2790 omnin&
1469 2757 1620 2789 evanescit

1829 2084 1845 2230 l

1877 2082 1947 2232 ll
2019 1973 2055 2062 ⁷

1678 2660 1768 2800 llll·
1829 2654 1946 2806 llll!

1130 2800 1619 2842 K'NideoqueV—KN=
1845 2826 1847 2832 A
1936 2816 1939 2819 ,

1129 2842 1630 2881 v,etHL-KN=HL
1652 2843 1705 2874 sed
1726 2852 1816 2875 amus
1834 2841 1956 2873 Maii&

1129 2898 1240 2927 parvus
1264 2894 1296 2918 et
1318 2887 1385 2928 ejus
1409 2886 1495 2916 sinus
1518 2891 1683 2924 aquantur,
1702 2894 1774 2926 ergo
1805 2885 1841 2916 H
1864 2885 1953 2916 Lm

1131 2930 1167 2961 H
1186 2930 1238 2967 K;
1265 2939 1339 2970 ergo
1361 2928 1406 2958 vis
1425 2927 1539 2958 elaterii
1555 2925 1643 2957 fluidi
1666 2931 1696 2958 in
1718 2933 1800 2958 statu
1822 2925 1955 2958 ndurdi

1130 2978 1176 3003 est
1189 2972 1228 3003 ad
1243 2973 1304 3002 vim
1320 2970 1559 3002 acceleratricem
1575 2969 1660 3000 fibrae
1670 2970 1746 3010 ⁴ipso
1765 2969 1833 3011 ejus
1851 2974 1956 3000 motus
1991 2960 2000 2970 ⁴

1131 3014 1220 3044 initio
1240 3021 1276 3045 ut
1293 3014 1325 3044 V
1338 3013 1376 3044 ad
1395 3013 1429 3043 H
1448 3011 1491 3041 K.

2042 2984 2049 3007 1

1136 3057 1227 3135 QEx
1240 3056 1354 3106 fluibus
1373 3053 1442 3085 fluit
1463 3053 1682 3086 demonstratio
1706 3054 1798 3094 Prop-
1818 3051 1952 3084 xmx.

1171 3122 1178 3130 .
1195 3109 1222 3130 e.
1239 3110 1259 3130 1.
