2066 3548
301 222 354 258 60

298 333 336 358 ut
347 338 366 358 a
379 328 416 365 P,
427 327 467 359 ad
480 338 500 359 a
512 328 548 365 C,
564 327 622 359 hoc
636 334 690 367 est,
703 334 739 360 ut
752 329 893 361 velocitas
906 331 1039 371 corporis
1048 340 1118 371 pro-

292 369 368 410 jecti
381 376 427 401 est
439 369 480 401 ad
492 370 682 401 velocitatem
692 371 859 402 maximam
871 382 963 413 quam
978 381 1088 412 corpus
1101 384 1119 404 e

298 411 401 451 quiete
424 412 562 443 cadendo
585 418 684 451 potest
708 413 873 454 acquirere.
921 414 1002 445 cum
1025 415 1119 454 igitur

296 463 436 484 arearum
454 454 665 485 ABNKet
682 455 1116 492 GDT,momentaLKN

298 501 330 526 et
346 496 378 526 D
389 496 418 526 T
429 496 461 526 V
475 497 535 526 sint
548 502 584 526 ut.
597 496 778 534 velocitates,
794 503 884 528 erunt
897 507 1036 528 arearum
1050 498 1116 528 illa-

300 538 720 620 ῗεέηἵὲθῗὲἓῖῗεᾞὲ
738 539 1120 622 ῗὲἲὲῗξ“ῑξῗέἓ“ςίῒῗιῑὲ

301 621 534 652 ABNKet
557 622 694 660 GDT,
716 627 753 654 ut
774 622 1008 662 spatiatotaab
1032 623 1120 654 initio

296 662 489 703 projectionis
502 663 660 704 descripta.

344 708 412 735 102.
433 707 525 737 Corol.
543 710 573 736 3.
601 706 755 737 velocitas
768 716 788 738 a
803 706 832 738 P
847 706 979 745 corporis
992 706 1116 746 projecti

275 750 279 753 '
296 746 330 778 in
344 746 406 776 fine
419 747 563 786 temporis
580 748 611 780 G
622 747 651 778 T
661 747 705 783 D,
721 753 766 778 est
778 748 818 779 ad
827 748 1015 778 velocitatem
1025 758 1118 788 quam

296 798 406 827 corpus
424 788 581 822 velocitate
601 789 709 820 initiali
722 800 740 820 a
757 790 784 820 F
797 790 965 829 projectum
979 799 1030 819 eo-

297 830 369 860 dem
393 835 528 870 tempore
548 831 581 861 in
601 831 704 862 medio
725 841 788 862 non
812 831 967 861 resistente
981 841 1031 861 ca-

297 871 399 902 dendo
421 873 555 910 haberet,
583 879 620 904 ut
638 873 827 913 triangulum
852 883 871 903 a
887 873 912 902 P
937 873 969 902 D
991 873 1031 903 ad

297 923 450 944 summam
463 914 608 956 trianguli
622 925 641 945 a
657 914 685 946 F
700 915 733 945 D
748 921 778 945 et
792 914 914 944 sectoris
923 915 1033 953 hyper-

297 955 389 986 bolici
406 955 437 986 G
453 955 483 986 T
499 956 539 986 D.
587 957 670 987 Nam
684 956 850 987 velocitatis
863 956 1034 986 incremen-

297 1001 366 1027 tum
380 1002 516 1036 tempore
543 997 574 1028 G
591 998 621 1029 T
636 998 669 1029 D
692 998 725 1027 in
746 997 842 1038 spatio
862 1007 925 1027 non
946 997 1034 1027 resis-

297 1043 380 1069 tente
393 1038 533 1080 genitum
547 1046 592 1070 est
605 1045 642 1070 ut
655 1045 776 1078 tempus
793 1040 823 1070 G
836 1039 866 1070 T
879 1039 923 1075 D,
939 1044 970 1069 et
982 1049 1035 1069 ve-

296 1079 403 1112 locitas
423 1081 615 1121 projectionis
629 1087 664 1111 ut
678 1091 697 1111 a
713 1081 750 1118 F,
771 1081 834 1111 sive
849 1085 883 1110 ut
897 1080 1035 1120 triangu-

298 1121 364 1153 lum
378 1132 398 1153 a
411 1123 437 1152 F
448 1123 492 1158 D,
503 1128 594 1163 atque
604 1122 681 1153 adeo
689 1122 832 1153 velocitas
847 1127 910 1152 tota
924 1121 956 1150 in
973 1121 1036 1152 fine

297 1164 441 1202 temporis
465 1164 642 1195 GTDut
663 1163 982 1205 GTD÷aFD,
1005 1169 1037 1194 et

296 1205 438 1236 velocitas
458 1205 492 1235 in
514 1205 574 1236 fine
593 1205 738 1244 temporis
752 1205 888 1246 ejusdem
907 1204 938 1235 G
954 1205 984 1235 T
1001 1205 1035 1236 D

297 1246 331 1276 in
355 1246 458 1277 medio
478 1247 635 1277 resistente
655 1252 702 1278 ost
721 1252 758 1277 ut
777 1256 796 1277 a
813 1246 849 1282 P,
876 1245 909 1277 id
923 1252 976 1280 est,
999 1252 1036 1277 ut
1114 1240 1142 1270 a

297 1287 487 1328 triangulum
502 1299 521 1319 ει
537 1289 565 1320 P
581 1289 624 1326 D,
640 1295 671 1319 et
685 1287 856 1319 velocitates
869 1288 932 1318 illae
945 1287 1034 1319 initio

297 1329 491 1370 projectionis
504 1336 664 1370 aequantur
683 1330 764 1361 inter
783 1340 826 1368 se,
852 1329 978 1369 perinde
999 1335 1036 1360 ut

296 1381 374 1402 areae
395 1371 456 1402 illae
481 1372 971 1413 GTD÷aFDetaPD‚
995 1373 1035 1402 ob

295 1418 444 1444 sectorem
468 1414 499 1444 G
516 1414 545 1445 T
562 1414 595 1444 D
616 1420 854 1450 evanescentem,
870 1419 901 1443 et
914 1423 932 1443 a
950 1413 978 1444 P
992 1424 1033 1443 ae-

296 1455 419 1495 qualem
432 1465 452 1485 a
468 1455 495 1486 F
508 1455 596 1486 initio
609 1455 780 1486 descensus.

341 1500 411 1528 105,
437 1499 531 1530 Corol.
548 1501 578 1528 4.
619 1497 758 1536 Tempus
784 1507 846 1538 quo
870 1506 979 1536 corpus
1000 1496 1034 1526 in

294 1538 398 1569 medio
418 1538 574 1570 resistente
595 1539 763 1579 projectum
782 1538 909 1579 acquirit
922 1538 1033 1569 veloci-

296 1586 391 1611 tatem
405 1591 425 1611 a
435 1581 473 1618 P,
489 1591 544 1612 seu
558 1590 620 1621 quo
634 1581 746 1611 amittit
754 1580 942 1611 velocitatem
957 1581 984 1611 P
996 1580 1032 1617 F,

295 1627 342 1653 est
365 1622 406 1653 ad
427 1628 549 1662 tempus
569 1633 632 1663 quo
652 1622 843 1653 velocitatem
867 1622 1034 1652 maximam

296 1674 316 1694 a
327 1664 362 1701 C,
378 1664 412 1694 in
425 1664 522 1704 spatio
532 1674 595 1694 non
606 1664 761 1695 resistente
775 1675 792 1695 e
806 1664 909 1705 quiete
923 1664 1033 1694 caden-

261 1704 263 1706 ’
293 1705 336 1736 do
349 1706 503 1747 acquirere
522 1712 632 1746 posset,
660 1712 694 1736 ut
714 1712 810 1737 sector
827 1707 857 1738 G
875 1706 908 1737 D
925 1706 954 1736 T
968 1706 1006 1736 ad
1020 1703 1112 1736 trian-

294 1747 407 1788 gulum
420 1759 439 1779 a
455 1748 487 1779 D
505 1749 542 1780 C.
583 1748 629 1779 Sit
642 1759 661 1778 a
677 1748 704 1778 F
716 1749 758 1790 4-
773 1749 813 1786 V,
829 1754 910 1779 recta
924 1747 1114 1778 velocitatem

294 1799 449 1828 exponens
473 1799 566 1830 quam
587 1800 697 1828 corpus
710 1790 743 1820 in
757 1790 858 1821 medio
871 1800 935 1820 non
956 1790 1113 1820 resistente

293 1841 366 1862 cum
380 1832 536 1862 velocitate
549 1831 658 1862 initiali
673 1842 692 1861 a
705 1832 731 1862 F
744 1833 912 1873 projectum
926 1831 1027 1870 elapso
1035 1837 1111 1861 tem-

292 1883 366 1912 pore
383 1874 414 1905 G
431 1874 463 1904 D
480 1874 509 1904 T
522 1874 654 1908 haberet,
680 1879 711 1904 et
731 1874 787 1904 erit
809 1873 901 1913 (102)
920 1884 940 1903 a
955 1873 983 1903 P
997 1873 1036 1903 ad
1050 1883 1069 1903 a
1085 1873 1111 1903 F

293 1915 336 1956 4
353 1915 393 1951 V,
416 1925 469 1946 seu
483 1915 715 1954 multiplicando
727 1925 782 1954 per
802 1915 825 1956 ᾖ
854 1927 873 1947 a
891 1916 934 1952 D,
950 1925 968 1945 a
979 1915 1007 1945 P
1024 1915 1057 1945 D
1071 1914 1110 1945 ad

293 1957 628 1998 aFD-t-{an
649 1957 689 1993 V,
712 1956 1111 1998 utaPDadaFD÷

296 1999 327 2029 G
344 1999 373 2029 T
389 1997 1110 2039 D‚ide6que{aD><V=GTD‚etV=

296 2040 435 2132 {311}
451 2065 504 2096 sed
517 2065 548 2096 V
557 2071 601 2096 est
616 2065 758 2096 velocitas
767 2075 859 2106 quam
867 2075 976 2104 corpus
986 2076 1003 2095 e
1012 2065 1113 2106 quiete

292 2133 429 2164 cadendo
443 2132 477 2163 in
490 2133 592 2163 medic
606 2142 668 2162 non
682 2133 838 2163 resistente
852 2133 1018 2173 acquireret
1036 2139 1114 2163 tem-

291 2185 365 2214 pore
383 2176 414 2206 G
431 2173 462 2205 T
477 2175 520 2212 D,
543 2181 574 2205 et
588 2174 759 2205 velocitates
781 2175 812 2204 in
833 2175 936 2204 medio
951 2185 1012 2205 non
1027 2175 1114 2204 resis—

293 2222 376 2247 tente
390 2216 554 2257 acquisitae,
579 2222 652 2247 sunt
673 2222 708 2248 ut
729 2223 866 2256 tempora
867 2217 997 2288 fflssbff
1011 2217 1113 2257 acqui-

291 2289 411 2320 runtur,
436 2283 565 2324 ideoque
586 2283 727 2314 velocitas
742 2284 774 2315 V
793 2294 846 2315 seu
863 2303 1002 2341 -ῑ-ὃ-Ἡ,

290 2351 478 2382 velocitatem
500 2362 519 2381 a
535 2352 572 2388 C,
593 2351 626 2381 in
641 2352 743 2382 medio
757 2362 819 2382 non
833 2333 990 2383 resistente
1010 2351 1112 2391 acqui-

291 2393 379 2424 sitam
396 2400 430 2424 ut
443 2399 564 2432 tempus
588 2394 618 2423 G
636 2395 664 2423 T
680 2395 714 2425 D
735 2394 774 2424 ad
795 2401 915 2433 tempus
928 2404 990 2434 quo
1004 2403 1113 2432 corpus

290 2435 478 2466 velocitatem
493 2446 512 2465 a
529 2436 554 2466 C
566 2436 711 2474 acquirit3
737 2435 831 2476 quare
845 2437 902 2466 boc
916 2442 1036 2474 tempus
1057 2435 1113 2465 erit

290 2477 311 2518 ξ
325 2489 344 2508 a
360 2478 392 2508 D
410 2482 442 2515 ><
460 2487 479 2507 a
496 2478 532 2514 C,
553 2487 607 2507 seu
621 2488 675 2517 per
689 2478 877 2518 triangulum
891 2489 910 2508 a
926 2478 959 2508 D
977 2477 1003 2508 C
1018 2486 1110 2516 expo-

290 2526 389 2550 netur.

335 2565 403 2591 104.
423 2563 507 2593 Corol
533 2563 565 2592 5-
602 2559 689 2591 Hinc
714 2571 752 2592 ex
774 2561 846 2592 dato
867 2567 1001 2600 tempore
1022 2559 1111 2590 datur

290 2603 422 2641 spatium
430 2602 624 2642 descriptum.
647 2603 793 2642 Capiatur
801 2603 884 2634 enim
892 2609 990 2633 sector
1003 2602 1034 2633 G
1042 2602 1075 2632 D
1083 2602 1112 2632 T

290 2645 330 2674 ad
346 2644 534 2685 triangulum
548 2655 568 2675 a
580 2645 613 2675 D
627 2645 664 2682 C,
678 2650 715 2675 ut
728 2650 850 2684 tempus
860 2645 966 2675 datum
980 2644 1020 2675 ad
1033 2649 1112 2674 tem-

290 2696 349 2724 pus
369 2696 431 2725 quo
452 2696 562 2726 corpus
575 2686 608 2717 in
621 2686 724 2717 medio
737 2696 800 2717 non
814 2686 969 2716 resistente
983 2685 1112 2726 acquirit

290 2727 478 2758 velocitatem
495 2728 686 2759 terminalem
706 2738 726 2759 a
742 2729 778 2764 C,
801 2735 832 2759 et
845 2728 967 2759 dabitur
980 2733 1048 2759 tum
1060 2737 1111 2758 ve-

291 2769 396 2799 locitas
420 2780 438 2799 ιι
457 2770 493 2806 Ρ,
519 2777 586 2800 tum
608 2781 677 2802 area
703 2771 734 2802 A
752 2771 780 2801 B
797 2771 830 2802 N
846 2770 889 2805 K.
915 2780 985 2810 qum
1006 2775 1052 2800 est
1072 2769 1112 2800 ad

290 2817 437 2841 sectorem
462 2812 492 2842 G
510 2812 542 2842 D
560 2813 599 2850 T,
621 2818 658 2844 ut
671 2811 801 2852 spatium
814 2811 976 2853 quaesitum
990 2811 1029 2842 ad
1043 2821 1111 2851 spa-

289 2853 368 2883 tium
390 2852 473 2892 quod
494 2860 628 2893 tempore
642 2854 714 2885 dato
727 2863 799 2885 cum
813 2853 969 2884 velocitate
983 2853 1037 2883 ina
1051 2859 1110 2883 ter-

289 2894 396 2924 minali
411 2905 430 2924 a
444 2895 469 2926 C
484 2896 677 2928 uniformiter
697 2895 825 2928 describi
847 2901 944 2934 potest
966 2894 1058 2935 (101)
1080 2899 1111 2925 et

291 2936 491 2976 regrediendo
511 2947 548 2967 ex
571 2937 642 2970 dato
663 2938 760 2978 spatio
782 2939 811 2969 A
831 2938 859 2968 B
876 2937 908 2969 N
926 2937 968 2974 K,
993 2936 1115 2967 dabitur

290 2984 414 3018 tempus
432 2979 461 3010 G
479 2979 512 3010 D
530 2979 568 3017 T,
585 2980 610 3010 si
631 2980 767 3020 capiatur
777 2990 847 3012 area
864 2980 894 3010 A
913 2979 941 3011 B
958 2979 990 3011 N
1008 2979 1052 3017 K,
1074 2978 1115 3010 ad

695 215 1143 259 PHILOSOPHI'AE
1170 216 1528 259 NATURALIS

1097 1568 1136 1601 1>

1614 216 1756 268 [Mor.
1779 216 1978 260 Conpon.

1161 330 1349 371 triangulum
1377 341 1397 362 a
1422 332 1456 362 D
1481 332 1508 364 C
1535 331 1570 362 in
1596 331 1715 363 mtione
1740 330 1829 371 spatii
1855 331 1918 362 dmi
1937 331 1979 363 ad

1160 373 1292 411 duplum
1306 373 1393 412 spatii
1406 373 1490 413 quod
1503 383 1614 413 corpus
1631 373 1665 404 in
1685 373 1788 405 medio
1808 383 1871 403 non
1891 373 1978 404 τεά-

1159 420 1243 445 tenoe
1263 415 1400 446 cadendo
1420 415 1562 446 describit
1574 421 1611 446 ut
1622 415 1811 447 velocitatem
1834 414 1979 446 termina-

1158 457 1221 487 lem
1234 467 1254 487 a
1269 458 1296 488 C
1310 457 1455 497 acquirat.
1479 456 1521 488 Id
1531 457 1752 488 demonstratur
1763 467 1801 488 ex
1813 459 1891 497 (not.
1907 460 1975 488 108.

1158 504 1189 528 et
1207 498 1294 579 131.)
1319 499 1427 530 eodem
1450 509 1574 539 prorsus
1591 499 1685 530 modo
1705 509 1767 540 quo
1791 499 1908 530 {nomm
1932 503 1979 531 est

1163 541 1176 581 (
1207 585 1276 613 105.
1294 584 1453 614 Scholium.
1479 582 1655 622 Superiores
1675 582 1913 613 constructiones
1925 581 1979 612 de-

1161 622 1302 654 finiendis
1316 634 1476 664 corporum
1496 625 1630 656 motibus
1643 623 1808 659 sufficiunt,
1831 623 1902 654 licet
1914 633 1981 654 me-

1159 664 1202 695 dii
1216 666 1384 697 resistentia
1402 667 1511 706 partim
1529 672 1671 697 constans
1691 666 1801 706 partim
1815 664 1980 696 velocitatis

1159 707 1306 746 quadrato
1319 709 1558 747 proportionalis.
1605 709 1687 739 Nam
1702 708 1727 738 si
1742 717 1851 747 corpus
1864 706 1929 737 sola
1949 707 1980 737 vi

1159 748 1250 779 insitii
1273 756 1438 788 moveatur,
1462 757 1542 781 recta
1566 751 1594 781 A
1614 751 1650 786 C,
1677 760 1746 791 quae
1770 749 1804 779 in
1824 755 1978 780 construe.

1153 1694 1287 1724 tionibus
1303 1694 1395 1732 Prop.
1416 1692 1519 1724 VIII.
1533 1697 1564 1722 et
1579 1691 1645 1722 Ix.
1663 1690 1724 1721 vim
1739 1690 1893 1732 gravitatis
1905 1691 1977 1722 uni-

1154 1737 1284 1767 formem
1300 1736 1477 1774 exponebat,
1502 1740 1618 1773 partem
1639 1733 1815 1763 resistentiae
1835 1741 1976 1764 constan-

1155 1784 1217 1809 tem
1231 1787 1302 1818 quae
1321 1778 1352 1807 vi
1372 1777 1464 1808 alicui
1484 1776 1659 1814 centripetae
1683 1772 1831 1806 uniformi
1851 1775 1976 1816 equalis

1155 1820 1268 1850 censeri
1296 1825 1405 1858 potest,
1442 1818 1557 1849 caeteris
1591 1817 1794 1854 manentibus,
1830 1823 1970 1856 exponet.

1157 1862 1217 1892 Sed
1231 1861 1256 1891 si
1271 1871 1380 1900 corpus
1393 1861 1428 1890 in
1446 1860 1548 1891 medio
1573 1858 1718 1898 praedicto
1739 1859 1886 1900 gravitate
1905 1859 1977 1890 uni-

1151 1904 1287 1934 formiter
1310 1909 1420 1944 agente
1447 1901 1642 1933 sollicitatum
1663 1900 1745 1931 recta
1767 1900 1911 1932 ascendat
1928 1901 1979 1932 vel

1152 1945 1322 1980 descendat.
1347 1945 1429 1975 linea
1456 1944 1485 1974 A
1505 1943 1542 1980 C,
1569 1943 1602 1973 in
1625 1942 1900 1973 constructionibus
1920 1953 1977 1982 pro

1153 1997 1279 2018 ascensu
1295 1986 1356 2016 vim
1370 1985 1527 2027 gravitatis
1540 1991 1572 2016 et.
1591 1990 1709 2024 partem
1729 1984 1906 2015 resistentia
1920 1984 1975 2016 dn-

1153 2035 1217 2060 tam
1239 2029 1332 2059 simul
1356 2027 1517 2062 exhibebit,
1547 2027 1581 2057 in
1605 2026 1879 2058 constructionibus
1907 2025 1978 2060 veno

1154 2081 1211 2110 pro
1223 2070 1370 2101 descensu
1391 2078 1549 2100 excessum
1569 2067 1724 2109 gravitatis
1745 2067 1837 2108 supr-i
1857 2073 1975 2108 perum

1155 2112 1332 2143 resistentiae
1356 2111 1459 2142 datam
1481 2110 1728 2150 repraesentabit3
1759 2116 1790 2141 et
1814 2111 1896 2141 linea
1923 2110 1977 2145 illa

1159 2156 1188 2185 A
1212 2155 1248 2190 C,
1272 2153 1316 2185 ἰαὶ
1335 2153 1534 2184 determinata
1548 2152 1610 2182 vim
1623 2151 1778 2193 gravitatis
1790 2151 1977 2184 uniformem

1156 2201 1297 2236 exponet,
1319 2195 1381 2236 quii
1401 2205 1511 2235 corpus
1529 2200 1690 2235 urgeretur
1709 2193 1745 2224 in
1765 2193 1866 2225 medio
1886 2194 1976 2235 cujus

1155 2244 1234 2269 esset
1257 2237 1424 2268 resistentia
1451 2242 1487 2267 ut
1510 2235 1676 2267 velocitatis
1701 2234 1894 2276 quadratum.
1941 2236 1975 2268 Si

1153 2279 1225 2311 vero
1245 2290 1315 2319 pars
1335 2279 1390 2309 ina
1412 2277 1588 2310 resistentia
1607 2287 1676 2318 quae
1697 2277 1859 2310 uniformis
1870 2284 1975 2313 manet

1154 2323 1184 2353 vi
1207 2321 1362 2363 gravitatis
1384 2320 1523 2361 aequalis·
1532 2319 1625 2350 fuerit
1648 2325 1679 2350 et
1701 2329 1812 2358 corpus
1831 2318 1973 2352 dmm

1154 2363 1337 2405 projiciatur,
1362 2362 1445 2392 idem
1467 2361 1524 2392 erit
1544 2361 1629 2392 illius
1649 2366 1752 2392 motus
1771 2370 1808 2392 nc
1827 2361 1854 2392 si
1867 2361 1932 2394 sols
1944 2362 1976 2392 vi

1153 2405 1244 2436 insitii
1258 2406 1387 2437 ferretur
1399 2404 1432 2433 in
1447 2403 1548 2434 medio
1561 2402 1644 2454 quod
1657 2402 1847 2434 resisteretis
1857 2404 1976 2436 maone

1153 2447 1292 2488 quadrati
1305 2445 1479 2481 velocitatis,
1493 2452 1584 2486 atque
1598 2443 1667 2475 ideo
1681 2444 1715 2475 in
1727 2445 1787 2480 hec
1800 2454 1872 2476 casu
1886 2455 1977 2477 usur.

1152 2489 1253 2529 panda
1280 2490 1337 2519 erit
1363 2487 1547 2518 constructio
1569 2485 1789 2526 propositionis
1812 2489 1858 2518 5²
1900 2487 1975 2522 Jnm

1155 2530 1225 2562 vero
1245 2530 1364 2561 omissis
1377 2528 1652 2560 constructionibus
1665 2538 1719 2568 per
1732 2528 1975 2570 logarithmicnm

1154 2583 1230 2614 quas
1253 2575 1306 2613 (ex
1328 2571 1492 2602 demonstr.
1521 2574 1572 2600 44.
1596 2570 1667 2609 450)
1699 2570 1789 2601 facile
1812 2569 1974 2609 dedum,

1154 2623 1209 2645 aut
1222 2615 1254 2644 in
1271 2612 1485 2644 Monumentis
1501 2611 1679 2643 Academiae
1696 2612 1805 2653 Regiae
1818 2622 1869 2644 an.
1884 2616 1975 2646 1709.

1154 2663 1186 2687 et
1207 2656 1298 2688 etiam
1319 2656 1352 2686 in
1376 2653 1584 2686 Phoronomia
1607 2654 1782 2685 Hei-manni
1806 2654 1902 2687 lector
1929 2655 1974 2686 vi.

1153 2698 1226 2729 dere
1245 2698 1365 2738 poterit,
1387 2696 1452 2727 duo
1466 2706 1535 2737 quae
1548 2702 1718 2735 sequuntur
1738 2696 1891 2737 generalia
1903 2706 1975 2738 pro-

1154 2740 1287 2772 blemata
1300 2738 1448 2779 analytice
1462 2737 1623 2769 solvemus.

1419 2844 1700 2876 PROBLEMA.

1161 2932 1300 2965 Definire
1327 2935 1447 2961 motum
1476 2927 1617 2968 corporis,
1655 2928 1801 2960 uniformi
1828 2930 1977 2971 grauitqte

1198 2980 1338 3017 urgente,
1360 2970 1442 3003 recta
1455 2969 1663 3002 descendentis
1679 2970 1726 3001 vei
1740 2971 1928 3005 ascendentis
1940 2982 1973 3003 m
