2066 3548
261 235 315 274 58

685 234 1134 285 PHILOSOPHIAE
1155 236 1514 283 NATURALIS
1582 241 1726 294 [Mor.
1751 243 1948 288 Conon.

257 359 360 400 pore
378 345 488 396 dato,
526 361 620 389 cum
648 349 861 394 velocitate
890 351 959 394 illa
980 353 1158 396 maxima
1173 355 1261 411 jam
1288 363 1383 398 ante
1402 356 1580 410 inventii,
1602 359 1857 403 uniformiter
1874 361 1947 404 de-

254 416 375 460 scribi
389 426 537 474 potest.

301 1801 431 1843 Cot-ol.
468 1804 510 1844 7.
550 1800 599 1854 (²)
622 1799 679 1840 Et
708 1798 995 1855 regrediendo,
1028 1813 1081 1840 ex
1112 1799 1210 1840 dato
1241 1813 1432 1842 ascensus
1466 1801 1531 1843 vel
1561 1801 1780 1844 descensus
1809 1803 1945 1858 spatio

243 1870 1648 1925 ABnkvelABNK,dabiturtcmpusADtvelADT.·
1933 1868 1938 1874 ”

283 1989 329 2032 (“)
353 1991 404 2021 97.
434 1990 479 2019 Et
500 1989 702 2027 regrediendo.
749 1986 908 2017 Nimirum
923 1986 1071 2026 capienda

240 2038 287 2063 est
301 2042 371 2062 area
389 2031 419 2061 A
437 2031 466 2061 B
482 2040 503 2059 n
518 2030 548 2065 k,
565 2030 613 2059 vel
631 2031 661 2059 A
680 2030 708 2059 B
726 2029 760 2059 N
777 2029 811 2059 K
826 2028 865 2058 ad
879 2029 1071 2069 triangulum

243 2075 276 2105 A
293 2074 326 2104 D
344 2074 370 2104 C
393 2073 425 2102 iu
447 2071 518 2102 data
541 2072 657 2102 ratione
679 2070 767 2110 spatii
781 2070 845 2100 dati
859 2071 1001 2101 ascensus
1022 2071 1071 2101 vel

242 2114 405 2146 descensfis
419 2114 458 2144 ad
472 2113 604 2152 duplum
619 2114 717 2152 spatii,
735 2112 818 2153 quod
832 2122 942 2151 corpus
956 2113 989 2142 in
1003 2123 1069 2143 me-

241 2158 294 2188 dio
316 2167 378 2187 non
399 2156 557 2186 resistente
572 2155 710 2185 cadendo
724 2154 865 2185 describit
878 2160 915 2184 ut
927 2155 1070 2185 velocita-

240 2205 304 2230 tem
324 2198 491 2229 maximam
508 2198 540 2227 A
558 2197 584 2228 C
599 2197 744 2237 acquirat,
771 2202 862 2236 atque
883 2195 926 2226 its
947 2197 1069 2227 dabitur

242 2242 274 2272 A
289 2242 311 2271 k
325 2241 375 2271 vel
391 2241 422 2271 A
441 2240 484 2270 K.
533 2239 578 2269 Et
590 2239 663 2269 hinc
685 2238 807 2269 dabitur
830 2239 860 2269 A
876 2249 897 2278 p
914 2239 963 2268 vel
981 2240 1011 2269 A
1030 2239 1067 2276 P,

238 2294 294 2314 seu
309 2282 470 2320 velocitas;
485 2291 524 2312 ex
538 2281 586 2310 his
599 2287 703 2311 autem
717 2281 839 2311 dabitur
853 2287 951 2312 sector
967 2281 998 2311 A
1013 2281 1046 2311 D
1056 2286 1070 2311 t.

237 2325 288 2356 vel
313 2327 343 2356 A
363 2325 395 2356 D
411 2324 450 2361 T,
475 2334 531 2354 seu
553 2328 676 2362 tempus
699 2324 768 2365 (per
785 2323 855 2353 Cor.
875 2323 935 2363 5.).
982 2323 1067 2353 Nam

239 2368 371 2407 spatium
386 2366 469 2406 quod
483 2375 594 2404 corpus
607 2364 641 2394 in
655 2365 758 2395 medio
772 2374 835 2395 non
850 2365 1004 2396 resistente
1019 2374 1069 2395 ca-

240 2410 341 2440 dendo
362 2408 504 2439 describit
527 2412 564 2437 ut
584 2407 775 2437 velocitatem
799 2409 968 2437 maximam
992 2408 1022 2437 A
1042 2407 1069 2437 C

240 2453 375 2491 acquirat
398 2451 517 2481 dicatur
544 2449 586 2486 A,
610 2454 732 2488 tempus
752 2459 815 2489 quo
835 2449 968 2488 spatium
989 2448 1068 2478 illud

239 2494 418 2524 describitur
434 2493 473 2528 T,
496 2491 629 2530 spatium
648 2491 733 2531 quod
747 2491 781 2520 in
795 2491 898 2522 medio
911 2491 1067 2521 resistente

239 2536 380 2566 describit
393 2541 429 2565 ut
442 2534 579 2574 acquirat
591 2533 782 2564 velocitatem
799 2534 831 2564 A
848 2534 886 2570 P,
908 2532 957 2563 vel
977 2534 1067 2563 amit-

239 2583 284 2608 tat
297 2577 486 2607 velocitatem
512 2577 542 2606 A
558 2585 578 2614 p
598 2575 717 2605 dicatur
731 2585 755 2612 s,
778 2581 901 2614 tempus
914 2581 938 2612 t,
953 2580 983 2605 et
996 2585 1063 2614 spa·

240 2620 318 2650 tium
333 2619 416 2659 quod
430 2628 541 2657 corpus
548 2624 684 2656 tempore
698 2617 753 2646 illo
766 2622 781 2647 t
794 2623 824 2647 et
834 2617 992 2649 velocitate
1001 2627 1066 2647 ma-

241 2661 325 2692 xim&
343 2663 371 2691 A
391 2662 416 2691 C
432 2660 624 2691 uniformiter
638 2658 860 2700 progrediendo
874 2658 1015 2690 describit
1029 2658 1067 2689 sit

243 2704 275 2739 S,
291 2709 322 2733 et
335 2703 406 2742 quia
422 2705 488 2743 (29.
509 2702 579 2734 Lib.
599 2701 647 2741 1.)
669 2711 779 2741 corpus
793 2701 951 2732 velocitate
969 2701 1067 2731 maxi*

241 2745 294 2775 mi
313 2745 342 2775 A
361 2745 386 2775 C
401 2744 593 2775 uniformiter
611 2743 844 2784 progrediendo,
867 2749 1003 2782 tempore
1026 2743 1066 2781 T,

242 2786 386 2817 describit
406 2787 536 2825 spatium
551 2790 571 2817 2
590 2787 630 2821 A,
646 2786 703 2817 erit
718 2786 763 2825 (5.
777 2785 847 2816 Lib.
867 2785 914 2825 1.)
934 2786 955 2815 S
971 2798 978 2816 :
999 2789 1018 2815 2
1036 2786 1067 2816 A

240 2842 286 2858 =
299 2835 328 2859 t:
346 2829 383 2858 Τ.
420 2829 480 2858 Sed
496 2831 564 2869 (per
578 2829 648 2859 Cor.
667 2830 697 2859 5.
715 2833 746 2858 et
760 2833 822 2858 not.
838 2827 905 2867 98.)
921 2833 957 2858 t:
978 2827 1007 2858 T
1021 2840 1066 2857 =

244 2873 275 2902 A
294 2871 326 2901 D
344 2870 434 2900 Tvel
452 2870 482 2900 A
501 2872 582 2901 Dt:
605 2868 1067 2910 ADc,ide6quesz2A=

241 2914 273 2944 A
292 2911 578 2944 DTvelADt:
601 2914 630 2943 A
649 2913 737 2950 Dc,
759 2917 791 2942 et
813 2913 881 2953 (per
898 2911 968 2942 Cor.
987 2915 1012 2942 1.
1030 2921 1066 2942 ac

239 2956 288 2994 2.)
469 2953 1066 2985 ABNKvelABnk:ADT

239 3007 275 3028 ve
310 2966 348 3028 SA·
363 2955 629 3035 {Urespective
680 2995 786 3033 Quare
813 2997 865 3038 (cx
888 2994 992 3037 aequo)
1016 3006 1030 3026 s
1053 3008 1060 3026 :

1113 1988 1938 2060 2A-F-:ABNKve1ABnktADC-

1118 2030 1159 2065 Q.
1178 2040 1204 2060 e.

1157 2075 1207 2103 98.
1236 2071 1269 2102 Si
1283 2081 1395 2111 corpus
1409 2082 1482 2103 cum
1495 2072 1655 2103 velocitate
1672 2082 1743 2113 quae
1764 2073 1889 2114 aequalis
1901 2073 1943 2106 sit

1111 2113 1255 2144 maximae
1279 2114 1310 2144 A
1329 2115 1366 2151 C,
1385 2114 1567 2145 verticaliter
1587 2114 1763 2155 projiciatur
1784 2115 1938 2152 deormm,

1113 2155 1256 2196 aequabili
1270 2162 1358 2186 motu
1373 2155 1548 2194 descendet,
1571 2158 1611 2187 ob
1625 2156 1825 2188 resistentiam
1839 2157 1941 2197 gmi-

1112 2197 1287 2278 2¹1¹&ss
1289 2204 1403 2270 ἳέἷέηὲἷῑ
1411 2199 1872 2281 {fffflfflffizssssttffi
1870 2209 1937 2239 ¹⁰¹*

1111 2288 1244 2321 ponatur
1254 2281 1396 2312 velocitas
1404 2282 1458 2313 illa
1467 2292 1522 2321 per
1531 2281 1622 2312 lineae
1638 2281 1670 2312 A
1684 2281 1711 2313 C
1725 2288 1843 2321 partem
1853 2283 1884 2313 A
1899 2283 1940 2322 P,

1111 2330 1143 2354 et
1156 2330 1260 2354 motus
1273 2325 1406 2363 corporis
1418 2324 1545 2365 projecti
1557 2323 1640 2363 idem
1650 2323 1708 2354 erit
1720 2334 1756 2354 ac
1769 2323 1795 2354 si
1808 2334 1827 2355 e
1836 2324 1940 2365 quiete

1111 2365 1324 2396 descendendo
1337 2365 1528 2396 velocitatem
1541 2365 1644 2396 datam
1661 2365 1692 2396 A
1706 2365 1745 2403 P,
1753 2365 1820 2407 jam
1834 2367 1939 2407 acqui-

1111 2407 1228 2438 sivisset
1241 2415 1272 2438 et
1286 2406 1398 2438 deinde
1412 2413 1551 2448 pergeret
1564 2407 1679 2437 moveri
1687 2418 1698 2445 ;
1720 2417 1814 2448 quare
1834 2415 1940 2440 motus

1110 2449 1236 2489 projecti
1250 2449 1284 2479 in
1297 2450 1355 2480 hoc
1376 2459 1448 2480 casu
1463 2458 1502 2479 ex
1515 2448 1721 2490 superioribus
1733 2449 1824 2481 facile
1837 2449 1939 2482 deter-

1110 2491 1286 2522 minabitur.

1154 2538 1203 2565 99.
1231 2532 1350 2564 Verum
1369 2533 1395 2564 si
1416 2533 1610 2574 projectionis
1628 2533 1770 2565 velocitas
1783 2533 1938 2566 terminali

1112 2575 1143 2606 A
1162 2575 1188 2606 C
1214 2575 1312 2616 major
1336 2581 1390 2613 est,
1417 2575 1658 2607 constructiones
1805 2576 1938 2608 'tionum

1111 2617 1214 2648 VIII.
1233 2624 1264 2648 et
1279 2617 1343 2648 IX.
1360 2617 1517 2648 mutandae
1532 2624 1632 2648 erunt.
1669 2618 1714 2648 Et
1724 2617 1849 2658 quidem
1863 2628 1937 2650 con-

1110 2659 1237 2690 structio
1253 2659 1472 2698 Propositionis
1486 2663 1532 2690 8¹³·
1547 2659 1590 2690 sic
1603 2659 1762 2690 mutanda.
1789 2660 1936 2700 Descrip-

1109 2701 1142 2732 ta
1156 2701 1236 2732 inter
1248 2707 1435 2741 asymptotos
1449 2701 1662 2742 orthogonales
1679 2701 1709 2732 A
1729 2702 1765 2738 C,
1785 2702 1811 2733 C
1828 2702 1865 2733 H
1878 2703 1937 2744 hy-

1109 2743 1235 2783 perbol&
1247 2743 1382 2785 qualibet
1399 2744 1420 2774 S
1437 2743 1467 2774 O
1481 2743 1515 2774 N
1531 2744 1570 2779 B,
1586 2743 1772 2782 producatur
1781 2752 1936 2784 asympto-

1109 2791 1161 2816 tus
1178 2786 1208 2816 A
1227 2786 1253 2816 C
1268 2786 1301 2816 in
1311 2795 1339 2822 a,
1361 2791 1393 2816 et
1405 2791 1576 2824 exponatur
1588 2785 1634 2816 vis
1646 2785 1802 2826 gravitatis
1814 2796 1869 2826 per
1880 2785 1936 2817 dn·-

1110 2834 1174 2858 tam
1195 2827 1309 2858 lineam
1330 2838 1350 2858 a
1365 2828 1401 2863 C.
1422 2827 1592 2859 resistentia
1605 2827 1694 2858 initio
1707 2827 1810 2858 motus
1822 2837 1878 2867 per
1896 2826 1937 2859 lt·

1109 2879 1201 2900 neam
1215 2880 1234 2900 a
1250 2870 1292 2907 A,
1314 2869 1482 2900 resistentia
1495 2869 1598 2909 elapso
1611 2870 1720 2910 quovis
1732 2876 1868 2909 tempore
1881 2879 1936 2910 per

1108 2911 1221 2942 lineam
1237 2911 1427 2942 indefinitam
1441 2922 1460 2942 a
1477 2911 1520 2942 Κ.
1568 2911 1723 2942 Velocitas
1736 2911 1868 2951 corporis
1881 2921 1936 2950 per

1108 2954 1223 2984 lineam
1246 2964 1265 2984 a
1282 2953 1310 2984 P
1334 2963 1405 2994 quae
1429 2953 1468 2984 sit
1488 2953 1591 2983 media
1611 2953 1843 2992 proportionalis
1855 2953 1935 2984 inter

1107 3006 1126 3026 a
1143 2995 1176 3026 K
1191 3002 1222 3027 et
1234 3006 1254 3027 a
1271 2995 1307 3034 C,
1329 2995 1460 3036 ideoque
1474 2995 1507 3026 in
1521 2995 1736 3034 subduplicati
1756 2994 1872 3027 ratione
1885 3005 1939 3026 re-
