2066 3548
129 265 280 310 Lma
301 265 519 317 Stctmn]
572 261 894 307 PRINCIPIA
924 261 1419 305 MATHEMATICA.

129 378 393 437 signavimuS,
423 393 508 419 non
529 377 665 419 solum
693 376 851 418 ratione
871 375 1092 432 colligitur,
1123 374 1196 416 sed
1216 374 1339 415 etiam
1358 388 1435 429 per
1455 373 1738 428 experimenta
1764 389 1841 416 no-

127 453 286 494 tissima
297 453 387 506 jam
407 451 616 506 descripta
632 448 896 491 manifestum
916 457 991 490 est.
1173 498 1185 503 -

187 527 278 567 Cas.
303 530 342 566 5.
405 524 566 565 Eadem
585 531 648 565 est
666 537 786 579 aquae
806 522 1009 565 effluentis
1038 522 1248 573 velocitas,
1281 523 1366 564 sive
1391 521 1528 579 figura
1546 520 1759 562 foraminis
1789 520 1843 561 sit

129 595 352 645 circularis,
389 595 475 636 sive
509 589 710 651 quadrata
742 594 809 636 vel
840 594 1103 651 triangularis
1134 602 1206 636 aut
1244 594 1324 635 alia
1355 607 1614 650 quaecunque
1652 590 1844 633 circulari

371 667 482 708 Nam
513 666 707 708 velocitas
737 681 857 722 aquae
886 666 1089 708 effluentis
1118 681 1206 708 non
1240 666 1395 722 pendet
1414 681 1440 708 a
1458 665 1594 723 figura
1614 663 1841 713 foraminis,

117 740 201 784 ,sed
223 740 354 782 oritur
373 739 427 780 ab
447 740 534 794 ejus
554 738 770 780 altitudine
790 739 897 780 infra
915 739 1088 795 planum
1109 738 1153 781 K
1173 739 1225 781 L.

191 813 282 854 Cas.
303 817 344 853 6.
407 811 453 853 Si
481 810 589 852 vasis
621 814 663 852 A
685 811 722 851 B
742 810 787 852 D
811 810 847 851 C
876 825 973 865 pars
1002 812 1066 852 in-

129 882 319 925 ferior‘in
339 897 491 939 aquam
512 890 772 939 stagnantem
797 882 1066 939 immergatur

129 962 171 996 et
190 953 366 995 altitudo
400 968 520 1009 aquae
552 953 780 1010 stagnantis
815 967 942 1007 supra
969 953 1064 994 fun-

132 1025 234 1066 dum
263 1025 371 1066 vasis
402 1026 455 1066 sit
485 1025 529 1066 G
552 1025 618 1066 R:
658 1024 852 1066 velocitas
880 1024 1061 1080 quacum

130 1112 239 1152 aqua
258 1112 352 1153 quae
366 1097 410 1137 in
422 1111 517 1137 vase
537 1104 612 1146 est,
635 1095 773 1137 effluet
785 1110 862 1150 per
875 1095 1062 1138 foramen

134 1168 173 1210 E
188 1168 224 1210 F
242 1169 286 1209 in
305 1183 456 1225 aquam
477 1176 750 1225 stagnantem,
772 1182 822 1208 ea
841 1167 920 1208 erit
939 1182 1064 1223 quam

133 1254 243 1295 aqua
274 1239 463 1281 cadendo
493 1250 535 1281 et
564 1254 660 1281 casu
688 1254 764 1280 suo
793 1238 1067 1280 describendo

133 1312 395 1353 altitudinem
416 1311 439 1353 I
462 1311 503 1352 R
523 1311 737 1367 acquirere
755 1318 905 1366 potest.
952 1311 1065 1352 Nam

131 1383 296 1439 pondus
316 1398 435 1439 aquae
456 1383 590 1424 omnis
610 1383 651 1423 in
674 1398 770 1424 vase
790 1398 883 1439 quae
895 1383 1065 1424 inferior

132 1463 196 1496 est
215 1454 432 1509 superficie
452 1469 573 1510 aquae
596 1455 838 1510 stagnantis,
861 1455 1065 1496 substine-

131 1526 245 1568 bitur
276 1527 320 1567 in
354 1525 585 1582 aequilibrio
623 1540 701 1580 per
739 1525 905 1581 pondus
946 1540 1065 1581 aquae

133 1597 372 1655 stagnantis,
393 1597 572 1653 ideoque
590 1604 751 1638 motum
771 1610 891 1652 aquae
911 1596 1199 1638 descendentis
1219 1597 1263 1637 in
1283 1611 1380 1638 vase
1398 1595 1571 1638 minime
1590 1597 1849 1640 accelerabit.

135 1670 300 1712 Patebit
318 1669 442 1710 etiam
462 1677 504 1710 et
522 1669 592 1710 hic
612 1684 731 1710 casus
750 1683 827 1724 per
847 1669 1143 1723 experimenta,
1177 1669 1228 1724 (¹³)
1250 1670 1534 1710 mensurando
1562 1669 1718 1712 scih‘cet
1747 1679 1851 1712 tem-

131 1758 236 1798 pora
255 1743 404 1798 quibus
424 1756 532 1797 aqua
552 1740 693 1783 effluit.

190 1814 238 1870 (⁰)
262 1814 392 1855 Corol.
417 1818 454 1853 1.
516 1812 635 1854 Hinc
655 1812 690 1853 si
709 1827 828 1867 aquae
848 1811 1024 1853 altitudo
1047 1812 1083 1853 C
1105 1812 1146 1853 A
1169 1812 1426 1866 producatur
1446 1813 1500 1854 ad
1523 1813 1579 1863 K,
1610 1820 1658 1854 ut
1677 1814 1730 1855 sit
1750 1814 1792 1856 A
1808 1815 1853 1857 K

134 1886 188 1928 ad
210 1887 247 1927 C
270 1885 313 1927 K
348 1876 392 1926 in
423 1884 632 1939 duplicata
664 1885 823 1926 ratione
851 1899 959 1925 areae
987 1884 1199 1927 foraminis
1228 1885 1272 1925 in
1303 1885 1446 1941 quavis
1466 1885 1583 1926 fundi
1602 1895 1721 1941 parte
1739 1887 1849 1938 facti,

134 1960 188 2001 ad
222 1974 360 2000 aream
389 1957 532 1999 circuli
559 1958 604 2013 ‘A
627 1958 691 1999 B:
726 1958 922 1998 velocitas
953 1972 1072 2013 aquae
1103 1957 1303 1998 effluentis
1335 1958 1506 2015 aequalis
1537 1959 1615 1999 erit
1645 1960 1853 2001 velocitati

135 2045 260 2087 quam
288 2044 396 2085 aqua
426 2028 612 2070 cadendo
632 2037 674 2069 et
693 2043 790 2070 casu
810 2042 884 2070 suo
904 2028 1178 2070 describendo
1212 2029 1473 2071 altitudinem
1505 2030 1549 2071 K
1572 2030 1609 2071 C
1638 2033 1852 2088 acquirere

135 2111 284 2159 potest.
1510 2107 1513 2109 ’

197 2175 247 2231 (ἃ)
273 2177 403 2218 Corol.
425 2181 464 2217 2.
526 2174 583 2218 Et
603 2174 676 2227 vis,
702 2175 785 2232 qua
812 2182 923 2217 totus
944 2188 1063 2233 aquae
1083 2174 1288 2218 exilientis
1314 2183 1451 2221 motus
1480 2178 1671 2233 generari
1698 2186 1848 2233 potest,

126 667 310 724 aequalis.

1757 267 1839 304 219
1888 294 1890 296 -

181 2291 225 2333 (⁸)
257 2293 274 2311 ¹¹
303 2288 514 2340 Memno-ando
549 2292 660 2322 scilicet
694 2297 831 2339 tempora
860 2292 970 2331 quibus

136 2335 388 2408 glqltgaeffilggtgiset
400 2339 585 2375 quantitates
599 2343 688 2374 aquae
700 2333 811 2363 iisdem
825 2339 972 2372 tempori-

180 2418 225 2461 (⁰)
243 2421 261 2439 ‘
281 2411 376 2451 Co‘rol.
398 2422 426 2450 1.
461 2418 553 2451 Patet
566 2427 622 2458 per
639 2423 704 2449 not.
723 2421 796 2450 275.
814 2423 846 2448 et
859 2428 919 2448 cas.
938 2421 968 2448 2.

138 2471 174 2492 ac
187 2464 218 2493 5.

181 2503 225 2546 (ὓ)
243 2506 261 2524 '⁸
280 2505 376 2536 (ἔον-οὶ.
396 2507 426 2534 2.
449 2523 453 2525 -
475 2504 527 2534 De
547 2503 640 2544 hujus
665 2502 827 2535 Corollarii
848 2502 974 2533 veritate

139 2545 195 2577 dia
219 2547 416 2587 multumque
441 2545 631 2585 disputatum
653 2551 699 2576 est
719 2546 799 2576 inter
817 2546 973 2576 Comitem

142 2588 316 2623 Riccatuxn,
336 2588 502 2620 Danielem
520 2588 746 2624 Bernoulfium,
764 2589 891 2618 Petrum
905 2589 972 2617 An-

139 2630 262 2661 mnium
278 2631 510 2668 Michelottum,
530 2631 685 2662 Jacobum
699 2631 721 2662 J
725 2630 862 2667 urinum,
878 2630 972 2660 alios-

140 2683 202 2713 que
226 2673 446 2704 eruditissimos
465 2674 553 2704 viros.
603 2673 687 2703 Cflun
709 2672 793 2702 enim
815 2673 847 2702 in
871 2672 969 2710 prima

143 2714 371 2754 Principiorum
390 2716 534 2752 editione,
557 2716 738 2751 Newtonus,
761 2714 902 2745 nondum
916 2716 969 2745 ob-

141 2756 260 2788 servata
281 2758 486 2788 contractione
510 2768 606 2794 venae,
634 2757 794 2792 statuisset,
822 2756 884 2786 vim
910 2756 972 2797 qua

140 2805 225 2830 totus
253 2809 341 2840 aquae
369 2800 521 2831 exilientis
549 2807 653 2830 motus
687 2800 827 2840 generari
863 2805 970 2838 potest,

141 2842 292 2883 aequalem
307 2852 371 2872 esse
385 2843 511 2881 ponderi
526 2843 701 2883 cylindricae
710 2842 864 2871 columnae
873 2851 970 2881 aquae,

141 2885 232 2925 cujus
245 2884 325 2914 basis
339 2890 384 2914 est
398 2885 535 2915 foramen
554 2885 582 2915 E
602 2885 638 2920 F,
655 2891 687 2914 et
700 2883 831 2914 altitudo
848 2884 879 2914 G
898 2885 926 2921 1,
941 2890 972 2914 et

140 2926 174 2956 in
199 2925 336 2957 secunda
358 2927 500 2964 editione,
526 2926 629 2957 habita
649 2926 767 2957 ratione
788 2936 874 2957 venae
898 2936 971 2957 con-

140 2975 256 3005 tractae,
281 2968 343 2998 vim
364 2969 449 2998 illam
471 2969 598 3008 duplam
620 2970 749 3005 fecisset,
775 2968 907 3006 priorem
927 2969 974 2999 vis

139 3011 225 3041 illius
240 3020 415 3041 mensuram
430 3010 574 3042 adversus
591 3011 745 3042 Comitem
764 3010 928 3041 Riccatum
942 3017 974 3041 et

139 3054 292 3086 Jurinum
314 3054 458 3083 tuebatur
471 3063 543 3083 cum
561 3054 747 3084 Michelotto
764 3052 879 3083 Daniel
896 3054 973 3084 Ber-

139 3096 288 3133 nonnius,
314 3105 446 3136 quorum
475 3096 712 3126 Dissertationes
739 3095 843 3125 videre
867 3102 913 3126 est
940 3096 973 3126 in

142 3137 427 3170 Exercitationibus
452 3138 682 3169 Mathematicis
705 3148 776 3179 quae
799 3147 848 3168 an.
877 3141 970 3186 1729·

1015 2290 1157 2321 Venetiis
1172 2289 1263 2321 editae
1277 2296 1360 2320 sunt.
1409 2289 1530 2320 Verum
1554 2291 1670 2321 Daniel
1695 2291 1851 2322 Bernoul-

1013 2333 1074 2363 lius
1103 2343 1222 2373 paragr·
1250 2337 1280 2364 9.
1310 2333 1392 2363 Sect.
1424 2333 1533 2363 XIII.
1565 2333 1851 2372 Hydrodynamicae

1014 2376 1175 2415 posteriori
1203 2375 1362 2405 sententiae
1390 2375 1536 2405 Newtoni
1565 2374 1610 2405 ita
1638 2375 1846 2416 suffragatur:

1017 2422 1038 2437 “
1056 2418 1120 2448 Ista
1144 2419 1295 2448 sententia
1309 2428 1327 2447 a
1342 2427 1393 2447 me
1407 2417 1482 2448 olim
1504 2423 1536 2448 et
1556 2419 1595 2448 ab
1620 2418 1688 2448 aliis
1710 2418 1771 2448 fuit
1791 2418 1850 2448 im-

1015 2466 1164 2500 pugnata,
1187 2461 1226 2490 ab
1240 2460 1308 2490 aliis
1322 2470 1428 2490 rursus
1447 2460 1635 2491 confirmata.
1684 2461 1780 2490 Nunc
1794 2471 1850 2491 au-

1018 2508 1081 2532 tem
1098 2509 1258 2542 postquam
1273 2503 1352 2533 hanc
1366 2512 1518 2542 aquarum
1530 2509 1685 2533 motarum
1700 2503 1850 2534 theoriam

1018 2545 1185 2575 meditatus
1199 2555 1279 2582 sum,
1295 2545 1333 2575 lis
1346 2544 1390 2575 ita
1404 2545 1578 2575 dirimenda
1591 2545 1669 2575 mihi
1683 2545 1805 2576 videtur
1814 2552 1852 2577 ut

1016 2597 1089 2618 cum
1115 2598 1203 2627 aquae
1228 2587 1268 2617 ad
1289 2594 1409 2618 motum
1435 2587 1622 2618 uniformem
1644 2588 1848 2627 pervenerint,

1016 2640 1086 2670 quae
1106 2630 1231 2670 quidem
1246 2630 1423 2670 hypothesis
1437 2636 1482 2660 est
1499 2629 1655 2665 Newtoni,
1678 2636 1754 2660 tunc
1768 2630 1852 2662 recte

1012 2673 1177 2703 altitudine
1200 2677 1220 2703 2
1238 2673 1269 2703 G
1287 2673 1315 2709 1,
1332 2673 1377 2702 vis
1391 2672 1445 2702 illa
1459 2672 1632 2708 definiatur,
1648 2672 1704 2704 sed
1714 2674 1753 2703 ab
1761 2673 1851 2703 initio

1012 2714 1126 2751 fluxus,
1143 2715 1197 2745 ubi
1213 2715 1355 2746 velocitas
1369 2716 1471 2745 adhuc
1485 2714 1572 2744 nulla
1587 2720 1642 2750 est,
1655 2715 1701 2745 vis
1716 2714 1850 2754 simplici

1014 2757 1170 2787 altitudini
1203 2758 1233 2788 G
1259 2758 1276 2787 1
1306 2757 1497 2796 respondeat,
1534 2767 1668 2797 moxque
1697 2764 1852 2789 crescente

1013 2799 1184 2836 velocitate,
1202 2800 1295 2830 simul
1311 2800 1356 2830 vis
1371 2810 1482 2839 aquam
1497 2799 1537 2829 ad
1551 2799 1700 2830 effluxum
1710 2800 1852 2831 animans

1014 2849 1137 2879 crescat,
1154 2849 1185 2872 et
1199 2842 1324 2872 tandem
1340 2842 1380 2872 ad
1395 2851 1464 2872 eam
1478 2842 1729 2883 magnitudinem
1743 2852 1850 2873 exsur-

1013 2891 1067 2925 gat
1075 2895 1168 2924 quam
1182 2885 1355 2914 Newtonus
1363 2884 1536 2924 assignavit.
1550 2905 1558 2913 .
1571 2905 1580 2914 .
1595 2905 1604 2913 .
1619 2905 1628 2914 .
1652 2884 1749 2915 Recte
1758 2885 1850 2916 etiam

1015 2927 1060 2957 iu.
1082 2927 1238 2962 Riccatus,
1265 2936 1338 2956 cum
1359 2936 1422 2966 quo
1442 2926 1520 2956 mihi
1541 2926 1580 2956 de
1595 2927 1653 2957 hoc
1667 2928 1851 2968 argumento

1016 2978 1065 2999 res
1078 2976 1152 3005 erat,
1168 2970 1382 3008 iuterrogatus,
1405 2967 1491 2998 unde
1506 2969 1550 2998 vis
1562 2969 1616 2998 illa
1629 2969 1734 3009 duplae
1754 2980 1850 3011 aquae

1015 3021 1087 3041 rum
1101 3011 1258 3041 altitudini
1272 3011 1458 3041 conveniens
1473 3011 1545 3041 oriri
1566 3012 1670 3050 possit,
1697 3022 1772 3042 cum
1792 3014 1848 3043 ob-

1015 3060 1118 3084 tux-ato
1132 3053 1258 3088 orificio,
1282 3059 1372 3093 gutta
1385 3053 1484 3083 eidem
1506 3053 1673 3084 imminens
1686 3055 1716 3084 vi
1730 3055 1849 3094 simpli-

990 3084 1061 3126 scis
1074 3095 1246 3126 altitudInis
1261 3095 1364 3136 urgeri
1379 3096 1540 3126 manifeste
1553 3104 1706 3135 appareat,
1721 3107 1847 3136 respon·

1016 3138 1063 3170 dit
1086 3137 1343 3180 distinguendum
1367 3148 1432 3169 esse
1455 3145 1570 3169 statum
1592 3139 1704 3180 quietis
1723 3150 1743 3170 a
1764 3145 1846 3170 statu
