2066 3548
229 242 284 279 91·
675 230 1119 277 PHILOSOPHIAE
1151 228 1507 274 NATURALIS
1563 228 1706 280 [Mor.
1729 228 1919 270 Coum

885 535 1125 584 SECTIO
1160 534 1255 583 ΙΙΙ.

225 669 304 716 De
335 677 459 716 motu
489 684 727 731 corporum
762 669 918 730 quibus
949 668 1174 714 resistitur
1189 667 1428 728 partimin
1450 666 1626 714 ratione
1654 665 1912 722 velocitatis,

607 747 783 808 partim
805 747 852 792 in
874 745 1068 807 ejusdem
1088 745 1263 791 ratione
1286 745 1526 806 duplicatd.

545 933 918 976 PROPOSITIO
949 933 1031 974 XI.
1091 933 1132 974 T
1136 932 1451 974 HEOREMA
1480 932 1604 975 VIII.

224 1062 270 1102 Si
299 1062 456 1115 corpori
483 1061 683 1102 resistitur
704 1061 859 1114 partim
880 1062 924 1101 in
942 1061 1100 1101 ratione
1119 1061 1347 1109 velocitatis,
1370 1061 1526 1113 partim
1547 1061 1590 1100 in
1610 1059 1826 1100 velocitatis
1850 1072 1919 1098 ra-

280 1134 390 1174 tione
410 1131 630 1185 duplicate,
662 1138 700 1171 et
722 1133 823 1172 idem
842 1130 926 1172 sotei
946 1132 986 1171 vi
1006 1130 1128 1171 insita
1149 1132 1192 1171 in
1210 1132 1336 1171 medio
1354 1131 1526 1172 similari
1544 1136 1735 1171 movetur:
1764 1143 1920 1170 suman·
1944 1163 1958 1190 4

281 1208 348 1242 tur
368 1208 496 1242 autem
517 1208 694 1254 tempora
716 1202 759 1241 in
780 1202 1058 1254 progressione
1086 1200 1334 1242 arithmetica
1348 1224 1363 1248 ,-
1396 1201 1636 1255 quantitates
1655 1199 1923 1240 velocitatibus
1944 1198 1950 1211 ‘

279 1272 477 1326 reciproce)
487 1274 822 1326 proportionales,
845 1270 943 1313 datd
963 1271 1134 1326 quddam
1148 1274 1372 1326 quantitate
1385 1278 1523 1321 auctae,
1547 1278 1662 1312 erunt
1677 1273 1720 1312 in
1731 1285 1920 1327 progres-

280 1346 389 1385 sione
403 1342 652 1399 geometricoi.

285 1471 439 1512 Centro
461 1470 511 1520 C,
533 1470 771 1526 asymptotis
791 1470 1035 1526 rectangulis
1059 1470 1094 1511 C
1109 1470 1146 1511 A
1170 1470 1214 1512 D
1234 1470 1263 1511 d
1282 1479 1324 1511 et
1346 1471 1381 1511 C
1404 1469 1464 1519 H,
1496 1469 1750 1511 describatur
1768 1469 1919 1526 hyper-

223 1541 320 1582 bola
341 1542 378 1582 B
399 1542 437 1582 E
457 1556 492 1591 e,
515 1549 556 1582 et
575 1548 807 1596 asymptoto
830 1541 865 1581 C
889 1541 936 1581 H
956 1540 1163 1595 parallelae
1179 1541 1259 1582 sint
1278 1541 1319 1582 A
1340 1540 1390 1592 B,
1415 1541 1458 1583 D
1482 1541 1532 1591 E,
1554 1540 1583 1581 d
1602 1555 1637 1581 e.
1687 1540 1739 1582 In
1758 1554 1919 1596 asymp-
1992 1556 2001 1565 ·

224 1615 312 1651 toto
337 1610 372 1651 C
393 1610 437 1652 D
458 1610 606 1651 dentur
627 1618 779 1664 puncta
800 1611 854 1660 A,
881 1610 945 1651 G:
977 1618 1018 1651 et
1036 1610 1070 1650 si
1127 1651 1163 1680 H

231 1691 392 1736 tempus
422 1690 652 1737 exponatur
671 1696 747 1736 per
767 1696 903 1722 aream
922 1680 1071 1736 hyper-

223 1753 401 1794 bolicam
433 1756 473 1794 A
496 1753 534 1794 B
556 1753 594 1794 E
614 1753 658 1794 D
690 1752 945 1793 uniformiter
965 1767 1071 1793 cres-

226 1833 406 1873 centem3
437 1825 530 1865 dico
559 1824 670 1880 quod
700 1824 892 1865 velocitas
920 1823 1072 1878 exponi
1394 1766 1497 1889 Q

224 1903 359 1950 potest
377 1911 452 1950 per
481 1897 783 1953 longitudinem
811 1897 855 1938 D
878 1896 926 1946 F,
957 1896 1071 1950 cujus

227 1967 437 2022 reciproca
461 1968 504 2009 G
526 1968 570 2009 D
602 1967 683 2008 unit
713 1982 806 2008 cum
837 1966 932 2007 data
970 1966 1005 2007 C
1028 1965 1071 2006 G

226 2046 445 2093 componat
463 2038 762 2095 longitudinem
785 2038 819 2079 C
841 2039 885 2079 D
906 2038 948 2078 in
974 2051 1071 2091 pro-

226 2109 436 2166 gressione
455 2108 703 2165 geometrice
725 2117 984 2150 crescentem.

286 2181 349 2222 Sit
381 2180 487 2221 enim
523 2179 660 2221 areola
691 2179 736 2221 D
765 2179 803 2221 E
824 2195 847 2223 e
867 2180 896 2220 d
930 2179 1072 2220 datum
1165 2191 1194 2225 c
1365 2178 1401 2224 G
1453 2191 1499 2227 Α

224 2254 420 2308 temporis
454 2254 752 2295 incrementum
792 2251 915 2309 queim
947 2253 1068 2293 mini-

224 2338 351 2374 mum,
394 2324 443 2378 (ὃ)
479 2332 521 2365 et
551 2324 628 2365 erit
662 2323 706 2365 D
727 2323 756 2364 d
784 2322 992 2378 reclproce
1024 2330 1069 2363 ut

225 2407 268 2448 D
290 2407 341 2458 E,
377 2407 550 2462 ideoque
570 2405 723 2449 directe
741 2414 789 2448 ut
819 2406 855 2448 C
875 2407 933 2448 D.
993 2405 1127 2460 Ipsius
1149 2413 1284 2446 autem
1297 2384 1419 2486 ,ᾶ-Ῑῑ).
1453 2401 1768 2447 decrementum,
1805 2395 1916 2453 quod

1032 2575 1043 2595 ,
1076 2544 1217 2586 eritut
1268 2517 1368 2559 CD
1429 2512 1916 2587 seuCG÷GD,id

937 2587 1029 2642 Dq
1239 2585 1398 2639 GDq
1606 2581 1760 2635 GDq

809 2671 942 2728 Igitur
967 2678 1153 2726 tempore
1173 2670 1214 2711 A
1236 2669 1273 2711 B
1294 2668 1332 2710 E
1353 2668 1396 2709 D
1425 2681 1500 2722 per
1527 2664 1777 2707 additionem
1803 2662 1916 2704 data-

227 2547 276 2602 (ὓ)
301 2550 391 2602 (per
409 2546 530 2602 hujus
552 2547 668 2589 Lem.
692 2547 768 2599 ΙΙ.)
791 2555 852 2588 est
873 2521 948 2628 GD
964 2520 993 2560 d

418 2647 710 2721 ¹÷CG

372 2702 748 2768 G‘D‘G‘fffi'

269 2838 315 2880 (²)
333 2840 348 2857 ”
367 2840 410 2869 Et
425 2840 479 2869 erit
489 2841 523 2870 D
535 2841 556 2869 d
569 2837 713 2878 νθσίρνοεέ
727 2844 763 2870 ut
775 2840 809 2869 D
823 2840 862 2869 E.
901 2838 960 2868 Est
970 2837 1054 2868 enim
1096 2837 1187 2877 proce
1201 2843 1237 2868 ut
1253 2837 1285 2867 D
1298 2836 1347 2873 E3
1363 2834 1415 2865 sed
1431 2835 1499 2875 (per
1511 2833 1622 2864 Theor.
1639 2832 1700 2863 IV.
1711 2831 1751 2862 de
1763 2830 1915 2882 Hyperb.)

230 2881 332 2910 areola
356 2890 535 2911 evanescens
558 2881 591 2911 D
608 2881 637 2911 E
653 2891 671 2910 e
685 2880 706 2910 d
727 2880 853 2921 aequalis
877 2880 1055 2919 rectangulo
1097 2880 1204 2910 datum
1226 2887 1271 2909 est
1292 2876 1506 2917 rectangulum
1531 2876 1556 2906 C
1575 2875 1607 2905 D
1625 2879 1656 2911 ><
1678 2875 1710 2905 D
1729 2875 1768 2910 E,
1791 2873 1918 2912 proinde

231 2922 265 2952 D
282 2923 311 2952 E
330 2926 362 2959 ><
383 2922 416 2952 D
431 2921 460 2956 d,
484 2923 577 2961 quod,
601 2925 640 2953 ob
661 2922 768 2953 datum
787 2922 932 2960 temporis
955 2922 1054 2952 incre·
1100 2922 1126 2952 C
1145 2923 1188 2958 D,
1212 2927 1257 2957 cst
1277 2918 1427 2962 reciproce
1442 2924 1477 2948 ut
1494 2918 1526 2948 D
1543 2917 1592 2954 E;
1609 2916 1702 2957 quare
1717 2917 1773 2947 erit
1790 2916 1822 2946 D
1836 2915 1857 2946 d
1870 2914 1916 2946 di-

229 2970 379 3000 mentum,
394 2964 452 2994 erit
465 2970 500 2993 ut
514 2965 666 3004 quantitas
682 2964 762 3000 data,
778 2971 808 2994 et
822 2962 892 2994 idea
909 2964 941 2994 D
955 2964 986 3000 d,
1010 2970 1055 2994 est
1096 2963 1177 2994 recte
1190 2969 1226 2993 ut
1248 2963 1273 2993 C
1291 2963 1334 2993 D.

228 3012 265 3036 ut
279 3006 431 3046 quantitas
449 3005 519 3036 data
533 3006 627 3037 divisa
648 3017 702 3046 per
725 3007 758 3038 D
776 3007 816 3043 E,
842 3005 875 3037 id
897 3012 950 3041 est,
978 3006 1053 3036 reci-
1139 3005 1183 3047 (δ)
1201 3009 1224 3047 *b
1237 3008 1298 3037 Per
1310 3004 1403 3044 lmjus
1418 3003 1547 3035 Lemma
1562 3003 1610 3034 ΙΙ.
1639 3001 1708 3033 Cas.
1725 3003 1755 3030 4.

224 2679 297 2722 est,
312 2679 358 2713 ut
