<?xml version="1.0" encoding="UTF-8"?>
<!DOCTYPE html PUBLIC "-//W3C//DTD XHTML 1.0 Transitional//EN"
    "http://www.w3.org/TR/xhtml1/DTD/xhtml1-transitional.dtd">
<html xmlns="http://www.w3.org/1999/xhtml" xml:lang="en" lang="en">
 <head>
  <title>
</title>
<meta http-equiv="Content-Type" content="text/html;charset=utf-8" />
  <meta name='ocr-system' content='tesseract 3.04.00' />
  <meta name='ocr-capabilities' content='ocr_page ocr_carea ocr_par ocr_line ocrx_word'/>
</head>
<body>
  <div class='ocr_page' id='page_1' title='image "./philosophiaenatu02newtuoft_0197.png"; bbox 0 0 2066 3548; ppageno 0'>
   <div class='ocr_carea' id='block_1_1' title="bbox 163 214 1864 293">
    <p class='ocr_par' dir='ltr' id='par_1_1' title="bbox 163 214 1864 293">
     <span class='ocr_line' id='line_1_1' title="bbox 163 214 1864 293; baseline -0.002 -8"><span class='ocrx_word' id='word_1_1' title='bbox 163 243 311 286; x_wconf 70' lang='lat' dir='ltr'>Luma</span> <span class='ocrx_word' id='word_1_2' title='bbox 334 241 552 293; x_wconf 56' lang='lat' dir='ltr'>Saeuus]</span> <span class='ocrx_word' id='word_1_3' title='bbox 595 239 915 283; x_wconf 85' lang='lat' dir='ltr'>PRINC1P1A</span> <span class='ocrx_word' id='word_1_4' title='bbox 947 214 1436 280; x_wconf 44' lang='lat' dir='ltr'>MATHEMATiCAr</span> <span class='ocrx_word' id='word_1_5' title='bbox 1784 245 1864 282; x_wconf 81' lang='lat'>183</span> 
     </span>
    </p>
   </div>
   <div class='ocr_carea' id='block_1_2' title="bbox 153 353 1868 1129">
    <p class='ocr_par' dir='ltr' id='par_1_2' title="bbox 156 353 1868 900">
     <span class='ocr_line' id='line_1_2' title="bbox 159 353 1868 412; baseline -0.002 -15"><span class='ocrx_word' id='word_1_6' title='bbox 159 354 460 412; x_wconf 89' lang='lat' dir='ltr'>propemodum</span> <span class='ocrx_word' id='word_1_7' title='bbox 479 362 666 411; x_wconf 85' lang='lat' dir='ltr'>aequatur</span> <span class='ocrx_word' id='word_1_8' title='bbox 685 354 814 409; x_wconf 90' lang='lat' dir='ltr'>ipsius</span> <span class='ocrx_word' id='word_1_9' title='bbox 833 353 1076 394; x_wconf 86' lang='lat' dir='ltr'>resistentiae</span> <span class='ocrx_word' id='word_1_10' title='bbox 1096 353 1171 393; x_wconf 87' lang='lat' dir='ltr'>toti</span> <span class='ocrx_word' id='word_1_11' title='bbox 1182 369 1195 402; x_wconf 87' lang='lat'><em>3</em></span> <span class='ocrx_word' id='word_1_12' title='bbox 1226 353 1403 408; x_wconf 77' lang='lat' dir='ltr'>ideoque</span> <span class='ocrx_word' id='word_1_13' title='bbox 1430 360 1569 407; x_wconf 85' lang='lat' dir='ltr'>partes</span> <span class='ocrx_word' id='word_1_14' title='bbox 1595 353 1676 394; x_wconf 83' lang='lat' dir='ltr'>illae</span> <span class='ocrx_word' id='word_1_15' title='bbox 1697 362 1793 394; x_wconf 87' lang='lat' dir='ltr'>sunt</span> <span class='ocrx_word' id='word_1_16' title='bbox 1821 361 1868 394; x_wconf 87' lang='lat' dir='ltr'>ut</span> 
     </span>
     <span class='ocr_line' id='line_1_3' title="bbox 161 421 1867 479; baseline -0.003 -11"><span class='ocrx_word' id='word_1_17' title='bbox 161 433 257 477; x_wconf 79' lang='lat'>318,</span> <span class='ocrx_word' id='word_1_18' title='bbox 281 431 424 467; x_wconf 83' lang='lat' dir='ltr'>136.et</span> <span class='ocrx_word' id='word_1_19' title='bbox 444 430 599 474; x_wconf 77' lang='lat'>45‚453</span> <span class='ocrx_word' id='word_1_20' title='bbox 621 421 948 479; x_wconf 68' lang='lat' dir='ltr'>quamproxime,</span> <span class='ocrx_word' id='word_1_21' title='bbox 969 422 1013 463; x_wconf 93' lang='lat' dir='ltr'>id</span> <span class='ocrx_word' id='word_1_22' title='bbox 1033 431 1108 472; x_wconf 87' lang='lat' dir='ltr'>est,</span> <span class='ocrx_word' id='word_1_23' title='bbox 1139 431 1186 463; x_wconf 89' lang='lat' dir='ltr'>ut</span> <span class='ocrx_word' id='word_1_24' title='bbox 1208 427 1232 466; x_wconf 90' lang='lat'><strong>7</strong></span> <span class='ocrx_word' id='word_1_25' title='bbox 1255 431 1296 464; x_wconf 90' lang='lat' dir='ltr'>et</span> <span class='ocrx_word' id='word_1_26' title='bbox 1319 427 1356 463; x_wconf 92' lang='lat'>1.</span> <span class='ocrx_word' id='word_1_27' title='bbox 1418 423 1525 464; x_wconf 87' lang='lat' dir='ltr'>Sunt</span> <span class='ocrx_word' id='word_1_28' title='bbox 1553 430 1690 463; x_wconf 88' lang='lat' dir='ltr'>autem</span> <span class='ocrx_word' id='word_1_29' title='bbox 1720 423 1867 478; x_wconf 88' lang='lat' dir='ltr'>globo-</span> 
     </span>
     <span class='ocr_line' id='line_1_4' title="bbox 157 494 1864 551; baseline -0.001 -12"><span class='ocrx_word' id='word_1_30' title='bbox 157 513 252 540; x_wconf 87' lang='lat' dir='ltr'>rum</span> <span class='ocrx_word' id='word_1_31' title='bbox 271 497 461 539; x_wconf 85' lang='lat' dir='ltr'><strong>diametri</strong></span> <span class='ocrx_word' id='word_1_32' title='bbox 484 501 562 551; x_wconf 62' lang='lat'>18}</span> <span class='ocrx_word' id='word_1_33' title='bbox 582 505 624 538; x_wconf 86' lang='lat' dir='ltr'>et</span> <span class='ocrx_word' id='word_1_34' title='bbox 643 499 694 550; x_wconf 59' lang='grc' dir='ltr'>δέ</span> <span class='ocrx_word' id='word_1_35' title='bbox 706 511 718 544; x_wconf 88' lang='grc'><strong>;</strong></span> <span class='ocrx_word' id='word_1_36' title='bbox 748 502 790 536; x_wconf 88' lang='lat' dir='ltr'>et</span> <span class='ocrx_word' id='word_1_37' title='bbox 818 494 966 536; x_wconf 85' lang='lat' dir='ltr'>harum</span> <span class='ocrx_word' id='word_1_38' title='bbox 997 494 1197 550; x_wconf 82' lang='lat' dir='ltr'>quadrata</span> <span class='ocrx_word' id='word_1_39' title='bbox 1218 494 1354 547; x_wconf 62' lang='lat'>3513935</span> <span class='ocrx_word' id='word_1_40' title='bbox 1374 502 1415 535; x_wconf 90' lang='lat' dir='ltr'>et</span> <span class='ocrx_word' id='word_1_41' title='bbox 1434 495 1544 547; x_wconf 43' lang='lat'>4733</span> <span class='ocrx_word' id='word_1_42' title='bbox 1563 503 1660 546; x_wconf 84' lang='lat' dir='ltr'>sunt</span> <span class='ocrx_word' id='word_1_43' title='bbox 1673 503 1719 535; x_wconf 92' lang='lat' dir='ltr'>ut</span> <span class='ocrx_word' id='word_1_44' title='bbox 1741 499 1864 544; x_wconf 81' lang='lat'>7,438</span> 
     </span>
     <span class='ocr_line' id='line_1_5' title="bbox 158 564 1867 623; baseline -0.003 -12"><span class='ocrx_word' id='word_1_45' title='bbox 158 578 200 611; x_wconf 87' lang='lat' dir='ltr'>et</span> <span class='ocrx_word' id='word_1_46' title='bbox 222 575 259 619; x_wconf 91' lang='lat'>1,</span> <span class='ocrx_word' id='word_1_47' title='bbox 292 568 336 609; x_wconf 88' lang='lat' dir='ltr'>id</span> <span class='ocrx_word' id='word_1_48' title='bbox 365 576 439 618; x_wconf 84' lang='lat' dir='ltr'>est,</span> <span class='ocrx_word' id='word_1_49' title='bbox 475 576 522 608; x_wconf 89' lang='lat' dir='ltr'>ut</span> <span class='ocrx_word' id='word_1_50' title='bbox 548 567 771 623; x_wconf 87' lang='lat' dir='ltr'>globorum</span> <span class='ocrx_word' id='word_1_51' title='bbox 799 565 1041 606; x_wconf 84' lang='lat' dir='ltr'>resistentiae</span> <span class='ocrx_word' id='word_1_52' title='bbox 1071 571 1095 609; x_wconf 89' lang='lat'><strong>7</strong></span> <span class='ocrx_word' id='word_1_53' title='bbox 1126 574 1168 606; x_wconf 90' lang='lat' dir='ltr'>et</span> <span class='ocrx_word' id='word_1_54' title='bbox 1191 571 1210 605; x_wconf 93' lang='lat'>1</span> <span class='ocrx_word' id='word_1_55' title='bbox 1234 564 1560 619; x_wconf 75' lang='lat' dir='ltr'>quamproxime.</span> <span class='ocrx_word' id='word_1_56' title='bbox 1619 565 1867 607; x_wconf 85' lang='lat' dir='ltr'>Differentia</span> 
     </span>
     <span class='ocr_line' id='line_1_6' title="bbox 156 637 1866 694; baseline -0.004 -11"><span class='ocrx_word' id='word_1_57' title='bbox 156 641 364 683; x_wconf 88' lang='lat' dir='ltr'>rationum</span> <span class='ocrx_word' id='word_1_58' title='bbox 382 641 496 682; x_wconf 86' lang='lat' dir='ltr'>haud</span> <span class='ocrx_word' id='word_1_59' title='bbox 515 640 645 694; x_wconf 85' lang='lat' dir='ltr'>major</span> <span class='ocrx_word' id='word_1_60' title='bbox 665 646 740 688; x_wconf 89' lang='lat' dir='ltr'>est,</span> <span class='ocrx_word' id='word_1_61' title='bbox 762 653 886 694; x_wconf 86' lang='lat' dir='ltr'>quam</span> <span class='ocrx_word' id='word_1_62' title='bbox 906 653 998 694; x_wconf 89' lang='lat' dir='ltr'>quae</span> <span class='ocrx_word' id='word_1_63' title='bbox 1018 652 1072 679; x_wconf 85' lang='lat' dir='ltr'>ex</span> <span class='ocrx_word' id='word_1_64' title='bbox 1091 637 1151 678; x_wconf 87' lang='lat' dir='ltr'>fili</span> <span class='ocrx_word' id='word_1_65' title='bbox 1170 637 1399 678; x_wconf 69' lang='lat' dir='ltr'>resistentia</span> <span class='ocrx_word' id='word_1_66' title='bbox 1421 638 1520 677; x_wconf 86' lang='lat' dir='ltr'>oriri</span> <span class='ocrx_word' id='word_1_67' title='bbox 1539 637 1698 691; x_wconf 48' lang='lat' dir='ltr'>potuit„</span> <span class='ocrx_word' id='word_1_68' title='bbox 1731 637 1866 694; x_wconf 84' lang='lat' dir='ltr'>Igitur</span> 
     </span>
     <span class='ocr_line' id='line_1_7' title="bbox 157 708 1866 773; baseline -0.004 -17"><span class='ocrx_word' id='word_1_69' title='bbox 157 715 479 773; x_wconf 74' lang='lat' dir='ltr'>resistentiarum</span> <span class='ocrx_word' id='word_1_70' title='bbox 503 719 641 767; x_wconf 86' lang='lat' dir='ltr'>partes</span> <span class='ocrx_word' id='word_1_71' title='bbox 670 711 754 752; x_wconf 87' lang='lat' dir='ltr'>illae</span> <span class='ocrx_word' id='word_1_72' title='bbox 770 725 878 766; x_wconf 13' lang='lat' dir='ltr'>*quae</span> <span class='ocrx_word' id='word_1_73' title='bbox 906 719 1014 761; x_wconf 87' lang='lat' dir='ltr'>sunt,</span> <span class='ocrx_word' id='word_1_74' title='bbox 1049 710 1218 765; x_wconf 87' lang='lat' dir='ltr'>paribus</span> <span class='ocrx_word' id='word_1_75' title='bbox 1237 709 1385 766; x_wconf 85' lang='lat' dir='ltr'>globiS,</span> <span class='ocrx_word' id='word_1_76' title='bbox 1420 717 1468 750; x_wconf 88' lang='lat' dir='ltr'>ut</span> <span class='ocrx_word' id='word_1_77' title='bbox 1487 708 1687 764; x_wconf 83' lang='lat' dir='ltr'>quadrata</span> <span class='ocrx_word' id='word_1_78' title='bbox 1712 710 1866 753; x_wconf 85' lang='lat' dir='ltr'>veloci-</span> 
     </span>
     <span class='ocr_line' id='line_1_8' title="bbox 156 780 1866 839; baseline -0.005 -10"><span class='ocrx_word' id='word_1_79' title='bbox 156 794 299 837; x_wconf 86' lang='lat' dir='ltr'>tatum,</span> <span class='ocrx_word' id='word_1_80' title='bbox 335 793 432 828; x_wconf 91' lang='lat' dir='ltr'>sunt</span> <span class='ocrx_word' id='word_1_81' title='bbox 450 785 588 835; x_wconf 86' lang='lat' dir='ltr'>etiam,</span> <span class='ocrx_word' id='word_1_82' title='bbox 619 784 788 839; x_wconf 84' lang='lat' dir='ltr'>paribus</span> <span class='ocrx_word' id='word_1_83' title='bbox 807 782 1104 833; x_wconf 86' lang='lat' dir='ltr'>velocitatibus‚</span> <span class='ocrx_word' id='word_1_84' title='bbox 1140 790 1188 824; x_wconf 90' lang='lat' dir='ltr'>ut</span> <span class='ocrx_word' id='word_1_85' title='bbox 1216 781 1416 838; x_wconf 85' lang='lat' dir='ltr'>quadrata</span> <span class='ocrx_word' id='word_1_86' title='bbox 1445 780 1743 823; x_wconf 82' lang='lat' dir='ltr'>diametrorum</span> <span class='ocrx_word' id='word_1_87' title='bbox 1771 781 1866 838; x_wconf 86' lang='lat' dir='ltr'>glo-</span> 
     </span>
     <span class='ocr_line' id='line_1_9' title="bbox 157 860 320 900; baseline 0 0"><span class='ocrx_word' id='word_1_88' title='bbox 157 860 320 900; x_wconf 87' lang='lat' dir='ltr'>borum.</span> 
     </span>
    </p>

    <p class='ocr_par' dir='ltr' id='par_1_3' title="bbox 153 927 1865 1129">
     <span class='ocr_line' id='line_1_10' title="bbox 213 927 1863 987; baseline -0.002 -16"><span class='ocrx_word' id='word_1_89' title='bbox 213 930 420 972; x_wconf 87' lang='lat' dir='ltr'>Caeterum</span> <span class='ocrx_word' id='word_1_90' title='bbox 436 929 670 987; x_wconf 86' lang='lat' dir='ltr'>globorum,</span> <span class='ocrx_word' id='word_1_91' title='bbox 693 928 842 985; x_wconf 91' lang='lat' dir='ltr'>quibus</span> <span class='ocrx_word' id='word_1_92' title='bbox 857 943 956 970; x_wconf 89' lang='lat' dir='ltr'>usus</span> <span class='ocrx_word' id='word_1_93' title='bbox 977 942 1069 969; x_wconf 90' lang='lat' dir='ltr'>sum</span> <span class='ocrx_word' id='word_1_94' title='bbox 1087 927 1132 968; x_wconf 87' lang='lat' dir='ltr'>in</span> <span class='ocrx_word' id='word_1_95' title='bbox 1148 927 1215 978; x_wconf 83' lang='lat' dir='ltr'>his</span> <span class='ocrx_word' id='word_1_96' title='bbox 1235 927 1539 982; x_wconf 81' lang='lat' dir='ltr'>experimentis,</span> <span class='ocrx_word' id='word_1_97' title='bbox 1560 927 1765 968; x_wconf 87' lang='lat' dir='ltr'>maximus</span> <span class='ocrx_word' id='word_1_98' title='bbox 1778 941 1863 967; x_wconf 89' lang='lat' dir='ltr'>non</span> 
     </span>
     <span class='ocr_line' id='line_1_11' title="bbox 153 984 1865 1057; baseline -0.003 -14"><span class='ocrx_word' id='word_1_99' title='bbox 153 1010 242 1044; x_wconf 86' lang='lat' dir='ltr'>erat</span> <span class='ocrx_word' id='word_1_100' title='bbox 258 1001 439 1057; x_wconf 66' lang='lat' dir='ltr'>perfecte</span> <span class='ocrx_word' id='word_1_101' title='bbox 459 1001 698 1056; x_wconf 87' lang='lat' dir='ltr'>sphaericus,</span> <span class='ocrx_word' id='word_1_102' title='bbox 712 1028 715 1030; x_wconf 98' lang='lat'>-</span> <span class='ocrx_word' id='word_1_103' title='bbox 730 1008 772 1042; x_wconf 88' lang='lat' dir='ltr'>et</span> <span class='ocrx_word' id='word_1_104' title='bbox 796 1008 1018 1055; x_wconf 86' lang='lat' dir='ltr'>propterea</span> <span class='ocrx_word' id='word_1_105' title='bbox 1036 999 1080 1039; x_wconf 89' lang='lat' dir='ltr'>in</span> <span class='ocrx_word' id='word_1_106' title='bbox 1100 997 1258 1039; x_wconf 87' lang='lat' dir='ltr'>calculo</span> <span class='ocrx_word' id='word_1_107' title='bbox 1277 998 1347 1039; x_wconf 87' lang='lat' dir='ltr'>hic</span> <span class='ocrx_word' id='word_1_108' title='bbox 1366 999 1490 1040; x_wconf 78' lang='lat' dir='ltr'>allato</span> <span class='ocrx_word' id='word_1_109' title='bbox 1517 998 1712 1039; x_wconf 82' lang='lat' dir='ltr'>minutias</span> <span class='ocrx_word' id='word_1_110' title='bbox 1744 984 1865 1053; x_wconf 85' lang='lat' dir='ltr'>quas-</span> 
     </span>
     <span class='ocr_line' id='line_1_12' title="bbox 154 1069 1863 1129; baseline -0.004 -14"><span class='ocrx_word' id='word_1_111' title='bbox 154 1074 252 1115; x_wconf 88' lang='lat' dir='ltr'>dam</span> <span class='ocrx_word' id='word_1_112' title='bbox 283 1072 492 1114; x_wconf 80' lang='lat' dir='ltr'>brevitatis</span> <span class='ocrx_word' id='word_1_113' title='bbox 526 1071 658 1129; x_wconf 72' lang='lat' dir='ltr'>gr&#39;atiii</span> <span class='ocrx_word' id='word_1_114' title='bbox 693 1071 882 1128; x_wconf 80' lang='lat' dir='ltr'>neglexi3</span> <span class='ocrx_word' id='word_1_115' title='bbox 913 1070 968 1112; x_wconf 92' lang='lat' dir='ltr'>de</span> <span class='ocrx_word' id='word_1_116' title='bbox 997 1070 1155 1112; x_wconf 81' lang='lat' dir='ltr'>calculo</span> <span class='ocrx_word' id='word_1_117' title='bbox 1183 1078 1375 1111; x_wconf 85' lang='lat' dir='ltr'>accurato</span> <span class='ocrx_word' id='word_1_118' title='bbox 1403 1070 1444 1110; x_wconf 91' lang='lat' dir='ltr'>in</span> <span class='ocrx_word' id='word_1_119' title='bbox 1473 1069 1757 1124; x_wconf 72' lang='lat' dir='ltr'>experimfflito</span> <span class='ocrx_word' id='word_1_120' title='bbox 1777 1083 1863 1110; x_wconf 92' lang='lat' dir='ltr'>non</span> 
     </span>
    </p>
   </div>
   <div class='ocr_carea' id='block_1_3' title="bbox 154 1143 1864 1201">
    <p class='ocr_par' dir='ltr' id='par_1_4' title="bbox 154 1143 1864 1201">
     <span class='ocr_line' id='line_1_13' title="bbox 154 1143 1864 1201; baseline -0.001 -13"><span class='ocrx_word' id='word_1_121' title='bbox 154 1147 252 1189; x_wconf 86' lang='lat' dir='ltr'>satis</span> <span class='ocrx_word' id='word_1_122' title='bbox 280 1155 473 1188; x_wconf 84' lang='lat' dir='ltr'>accurato</span> <span class='ocrx_word' id='word_1_123' title='bbox 500 1146 670 1188; x_wconf 78' lang='lat' dir='ltr'>minime</span> <span class='ocrx_word' id='word_1_124' title='bbox 701 1146 911 1188; x_wconf 86' lang='lat' dir='ltr'>sollicitus.</span> <span class='ocrx_word' id='word_1_125' title='bbox 971 1145 1165 1201; x_wconf 82' lang='lat' dir='ltr'>optarim</span> <span class='ocrx_word' id='word_1_126' title='bbox 1193 1146 1344 1201; x_wconf 87' lang='lat' dir='ltr'>itaque,</span> <span class='ocrx_word' id='word_1_127' title='bbox 1379 1147 1430 1200; x_wconf 65' lang='lat' dir='ltr'>(g)</span> <span class='ocrx_word' id='word_1_128' title='bbox 1452 1143 1548 1186; x_wconf 76' lang='lat' dir='ltr'>cum</span> <span class='ocrx_word' id='word_1_129' title='bbox 1568 1145 1864 1186; x_wconf 80' lang='lat' dir='ltr'>demonstratio</span> 
     </span>
    </p>
   </div>
   <div class='ocr_carea' id='block_1_4' title="bbox 150 1259 990 3118">
    <p class='ocr_par' dir='ltr' id='par_1_5' title="bbox 150 1259 990 3118">
     <span class='ocr_line' id='line_1_14' title="bbox 192 1259 986 1301; baseline 0 -11"><span class='ocrx_word' id='word_1_130' title='bbox 192 1259 237 1301; x_wconf 78' lang='lat'>(⁸)</span> <span class='ocrx_word' id='word_1_131' title='bbox 250 1263 319 1290; x_wconf 88' lang='grc'><strong>187.</strong></span> <span class='ocrx_word' id='word_1_132' title='bbox 334 1262 351 1280; x_wconf 59' lang='grc'><strong>0</strong></span> <span class='ocrx_word' id='word_1_133' title='bbox 364 1260 443 1291; x_wconf 61' lang='lat' dir='ltr'>cam</span> <span class='ocrx_word' id='word_1_134' title='bbox 454 1262 667 1292; x_wconf 77' lang='lat' dir='ltr'>demonstratio</span> <span class='ocrx_word' id='word_1_135' title='bbox 674 1262 773 1298; x_wconf 76' lang='lat' dir='ltr'>vacui,</span> <span class='ocrx_word' id='word_1_136' title='bbox 786 1261 842 1291; x_wconf 77' lang='grc' dir='ltr'>διο.</span> <span class='ocrx_word' id='word_1_137' title='bbox 869 1261 986 1291; x_wconf 83' lang='lat' dir='ltr'>Utrum</span> 
     </span>
     <span class='ocr_line' id='line_1_15' title="bbox 154 1301 985 1343; baseline 0 -11"><span class='ocrx_word' id='word_1_138' title='bbox 154 1301 324 1332; x_wconf 63' lang='lat' dir='ltr'>resistentia</span> <span class='ocrx_word' id='word_1_139' title='bbox 342 1312 437 1343; x_wconf 86' lang='lat' dir='ltr'>quam</span> <span class='ocrx_word' id='word_1_140' title='bbox 450 1303 484 1332; x_wconf 90' lang='lat' dir='ltr'>in</span> <span class='ocrx_word' id='word_1_141' title='bbox 498 1303 589 1333; x_wconf 82' lang='lat' dir='ltr'>motis</span> <span class='ocrx_word' id='word_1_142' title='bbox 610 1303 786 1342; x_wconf 83' lang='lat' dir='ltr'>corporibus</span> <span class='ocrx_word' id='word_1_143' title='bbox 800 1303 985 1342; x_wconf 81' lang='lat' dir='ltr'>experimur,</span> 
     </span>
     <span class='ocr_line' id='line_1_16' title="bbox 157 1344 987 1384; baseline -0.001 -9"><span class='ocrx_word' id='word_1_144' title='bbox 157 1350 222 1375; x_wconf 79' lang='lat' dir='ltr'>tota</span> <span class='ocrx_word' id='word_1_145' title='bbox 245 1344 284 1375; x_wconf 87' lang='lat' dir='ltr'>sit</span> <span class='ocrx_word' id='word_1_146' title='bbox 308 1345 342 1374; x_wconf 89' lang='lat' dir='ltr'>in</span> <span class='ocrx_word' id='word_1_147' title='bbox 366 1355 474 1375; x_wconf 85' lang='lat' dir='ltr'>eorum</span> <span class='ocrx_word' id='word_1_148' title='bbox 495 1345 620 1375; x_wconf 68' lang='lat' dir='ltr'>externa</span> <span class='ocrx_word' id='word_1_149' title='bbox 644 1345 816 1384; x_wconf 88' lang='lat' dir='ltr'>superficie,</span> <span class='ocrx_word' id='word_1_150' title='bbox 846 1356 886 1376; x_wconf 85' lang='lat' dir='ltr'>an</span> <span class='ocrx_word' id='word_1_151' title='bbox 916 1344 987 1375; x_wconf 74' lang='lat' dir='ltr'>vero</span> 
     </span>
     <span class='ocr_line' id='line_1_17' title="bbox 154 1387 985 1427; baseline 0.001 -11"><span class='ocrx_word' id='word_1_152' title='bbox 154 1392 256 1427; x_wconf 88' lang='lat' dir='ltr'>partes</span> <span class='ocrx_word' id='word_1_153' title='bbox 269 1387 361 1418; x_wconf 86' lang='lat' dir='ltr'>etiam</span> <span class='ocrx_word' id='word_1_154' title='bbox 374 1387 503 1418; x_wconf 81' lang='lat' dir='ltr'>internae</span> <span class='ocrx_word' id='word_1_155' title='bbox 518 1387 550 1416; x_wconf 90' lang='lat' dir='ltr'>in</span> <span class='ocrx_word' id='word_1_156' title='bbox 565 1387 783 1426; x_wconf 86' lang='lat' dir='ltr'>superficiebus</span> <span class='ocrx_word' id='word_1_157' title='bbox 797 1387 925 1427; x_wconf 85' lang='lat' dir='ltr'>propriis</span> <span class='ocrx_word' id='word_1_158' title='bbox 939 1397 985 1417; x_wconf 88' lang='lat' dir='ltr'>re-</span> 
     </span>
     <span class='ocr_line' id='line_1_18' title="bbox 152 1429 988 1469; baseline 0 -10"><span class='ocrx_word' id='word_1_159' title='bbox 152 1429 321 1459; x_wconf 76' lang='lat' dir='ltr'>sistentiam</span> <span class='ocrx_word' id='word_1_160' title='bbox 341 1430 507 1460; x_wconf 72' lang='lat' dir='ltr'>notabilem</span> <span class='ocrx_word' id='word_1_161' title='bbox 523 1429 666 1466; x_wconf 82' lang='lat' dir='ltr'>sentiant,</span> <span class='ocrx_word' id='word_1_162' title='bbox 689 1430 906 1468; x_wconf 77' lang='lat' dir='ltr'>experimentis</span> <span class='ocrx_word' id='word_1_163' title='bbox 920 1429 988 1469; x_wconf 85' lang='lat' dir='ltr'>glo-</span> 
     </span>
     <span class='ocr_line' id='line_1_19' title="bbox 153 1471 984 1502; baseline -0.001 0"><span class='ocrx_word' id='word_1_164' title='bbox 153 1472 265 1502; x_wconf 90' lang='lat' dir='ltr'>borum</span> <span class='ocrx_word' id='word_1_165' title='bbox 278 1471 313 1501; x_wconf 86' lang='lat' dir='ltr'>in</span> <span class='ocrx_word' id='word_1_166' title='bbox 327 1471 429 1502; x_wconf 81' lang='lat' dir='ltr'>medio</span> <span class='ocrx_word' id='word_1_167' title='bbox 449 1472 607 1502; x_wconf 85' lang='lat' dir='ltr'>resistente</span> <span class='ocrx_word' id='word_1_168' title='bbox 628 1471 833 1502; x_wconf 83' lang='lat' dir='ltr'>oscillantium</span> <span class='ocrx_word' id='word_1_169' title='bbox 854 1471 984 1501; x_wconf 86' lang='lat' dir='ltr'>inveniri</span> 
     </span>
     <span class='ocr_line' id='line_1_20' title="bbox 151 1513 984 1554; baseline -0.001 -10"><span class='ocrx_word' id='word_1_170' title='bbox 151 1519 263 1553; x_wconf 82' lang='lat' dir='ltr'>potest.</span> <span class='ocrx_word' id='word_1_171' title='bbox 297 1514 380 1544; x_wconf 88' lang='lat' dir='ltr'>Nam</span> <span class='ocrx_word' id='word_1_172' title='bbox 392 1514 426 1549; x_wconf 86' lang='lat' dir='ltr'>si,</span> <span class='ocrx_word' id='word_1_173' title='bbox 437 1513 570 1552; x_wconf 82' lang='lat' dir='ltr'>exempli</span> <span class='ocrx_word' id='word_1_174' title='bbox 581 1513 684 1549; x_wconf 67' lang='lat' dir='ltr'>causa,</span> <span class='ocrx_word' id='word_1_175' title='bbox 693 1513 856 1554; x_wconf 82' lang='lat' dir='ltr'>globorum</span> <span class='ocrx_word' id='word_1_176' title='bbox 868 1514 901 1543; x_wconf 84' lang='lat' dir='ltr'>in</span> <span class='ocrx_word' id='word_1_177' title='bbox 911 1513 984 1544; x_wconf 81' lang='lat' dir='ltr'>dato</span> 
     </span>
     <span class='ocr_line' id='line_1_21' title="bbox 151 1555 983 1595; baseline -0.001 -9"><span class='ocrx_word' id='word_1_178' title='bbox 151 1555 256 1586; x_wconf 87' lang='lat' dir='ltr'>medio</span> <span class='ocrx_word' id='word_1_179' title='bbox 269 1556 393 1595; x_wconf 83' lang='lat' dir='ltr'>paribus</span> <span class='ocrx_word' id='word_1_180' title='bbox 407 1556 616 1586; x_wconf 79' lang='lat' dir='ltr'>velocitatibus</span> <span class='ocrx_word' id='word_1_181' title='bbox 630 1562 784 1586; x_wconf 77' lang='lat' dir='ltr'>motorum</span> <span class='ocrx_word' id='word_1_182' title='bbox 805 1556 983 1586; x_wconf 76' lang='lat' dir='ltr'>resistentiae</span> 
     </span>
     <span class='ocr_line' id='line_1_22' title="bbox 150 1596 979 1637; baseline 0 -9"><span class='ocrx_word' id='word_1_183' title='bbox 150 1608 271 1637; x_wconf 75' lang='lat' dir='ltr'>semper</span> <span class='ocrx_word' id='word_1_184' title='bbox 285 1605 385 1628; x_wconf 83' lang='lat' dir='ltr'>essent</span> <span class='ocrx_word' id='word_1_185' title='bbox 399 1599 431 1628; x_wconf 88' lang='lat' dir='ltr'>in</span> <span class='ocrx_word' id='word_1_186' title='bbox 446 1596 602 1637; x_wconf 61' lang='lat' dir='ltr'>duplicata</span> <span class='ocrx_word' id='word_1_187' title='bbox 617 1598 836 1628; x_wconf 81' lang='lat' dir='ltr'>diametrorum</span> <span class='ocrx_word' id='word_1_188' title='bbox 851 1598 979 1635; x_wconf 88' lang='lat' dir='ltr'>ratione,</span> 
     </span>
     <span class='ocr_line' id='line_1_23' title="bbox 152 1640 981 1680; baseline 0.002 -11"><span class='ocrx_word' id='word_1_189' title='bbox 152 1640 336 1671; x_wconf 86' lang='lat' dir='ltr'>insensibilis</span> <span class='ocrx_word' id='word_1_190' title='bbox 350 1641 428 1671; x_wconf 87' lang='lat' dir='ltr'>foret</span> <span class='ocrx_word' id='word_1_191' title='bbox 441 1641 475 1670; x_wconf 90' lang='lat' dir='ltr'>in</span> <span class='ocrx_word' id='word_1_192' title='bbox 490 1640 626 1680; x_wconf 84' lang='lat' dir='ltr'>partibus</span> <span class='ocrx_word' id='word_1_193' title='bbox 645 1640 775 1671; x_wconf 88' lang='lat' dir='ltr'>internis</span> <span class='ocrx_word' id='word_1_194' title='bbox 794 1641 981 1679; x_wconf 75' lang='lat' dir='ltr'>resistentia3</span> 
     </span>
     <span class='ocr_line' id='line_1_24' title="bbox 151 1682 982 1723; baseline 0.001 -11"><span class='ocrx_word' id='word_1_195' title='bbox 151 1692 224 1712; x_wconf 87' lang='lat' dir='ltr'>cum</span> <span class='ocrx_word' id='word_1_196' title='bbox 239 1683 323 1712; x_wconf 90' lang='lat' dir='ltr'>enim</span> <span class='ocrx_word' id='word_1_197' title='bbox 337 1683 506 1713; x_wconf 79' lang='lat' dir='ltr'>resistentia</span> <span class='ocrx_word' id='word_1_198' title='bbox 519 1682 572 1713; x_wconf 84' lang='lat' dir='ltr'>illa</span> <span class='ocrx_word' id='word_1_199' title='bbox 586 1682 734 1713; x_wconf 83' lang='lat' dir='ltr'>internaa</span> <span class='ocrx_word' id='word_1_200' title='bbox 745 1693 883 1718; x_wconf 88' lang='lat' dir='ltr'>numero,</span> <span class='ocrx_word' id='word_1_201' title='bbox 893 1693 982 1723; x_wconf 85' lang='lat' dir='ltr'>mag·</span> 
     </span>
     <span class='ocr_line' id='line_1_25' title="bbox 150 1724 981 1766; baseline 0.001 -12"><span class='ocrx_word' id='word_1_202' title='bbox 150 1724 302 1762; x_wconf 58' lang='lat' dir='ltr'>nundine,</span> <span class='ocrx_word' id='word_1_203' title='bbox 318 1725 418 1766; x_wconf 80' lang='lat' dir='ltr'>figurii</span> <span class='ocrx_word' id='word_1_204' title='bbox 440 1732 471 1756; x_wconf 84' lang='lat' dir='ltr'>et</span> <span class='ocrx_word' id='word_1_205' title='bbox 492 1725 614 1756; x_wconf 69' lang='lat' dir='ltr'>textura</span> <span class='ocrx_word' id='word_1_206' title='bbox 635 1725 825 1755; x_wconf 86' lang='lat' dir='ltr'>internarum</span> <span class='ocrx_word' id='word_1_207' title='bbox 847 1726 981 1764; x_wconf 86' lang='lat' dir='ltr'>partium</span> 
     </span>
     <span class='ocr_line' id='line_1_26' title="bbox 151 1767 982 1807; baseline 0 -10"><span class='ocrx_word' id='word_1_208' title='bbox 151 1767 307 1806; x_wconf 83' lang='lat' dir='ltr'>penderet,</span> <span class='ocrx_word' id='word_1_209' title='bbox 334 1778 399 1798; x_wconf 88' lang='lat' dir='ltr'>non</span> <span class='ocrx_word' id='word_1_210' title='bbox 419 1774 522 1807; x_wconf 87' lang='lat' dir='ltr'>posset</span> <span class='ocrx_word' id='word_1_211' title='bbox 541 1767 648 1798; x_wconf 62' lang='lat' dir='ltr'>eadem</span> <span class='ocrx_word' id='word_1_212' title='bbox 671 1774 844 1798; x_wconf 74' lang='lat' dir='ltr'>constanter</span> <span class='ocrx_word' id='word_1_213' title='bbox 858 1777 982 1798; x_wconf 90' lang='lat' dir='ltr'>manere</span> 
     </span>
     <span class='ocr_line' id='line_1_27' title="bbox 154 1809 978 1851; baseline 0.001 -12"><span class='ocrx_word' id='word_1_214' title='bbox 154 1809 188 1839; x_wconf 89' lang='lat' dir='ltr'>in</span> <span class='ocrx_word' id='word_1_215' title='bbox 203 1809 302 1850; x_wconf 86' lang='lat' dir='ltr'>globis</span> <span class='ocrx_word' id='word_1_216' title='bbox 316 1809 484 1850; x_wconf 76' lang='lat' dir='ltr'>aequalibus</span> <span class='ocrx_word' id='word_1_217' title='bbox 499 1816 529 1840; x_wconf 88' lang='lat' dir='ltr'>et</span> <span class='ocrx_word' id='word_1_218' title='bbox 543 1810 762 1851; x_wconf 52' lang='lat' dir='ltr'>heterogeneia</span> <span class='ocrx_word' id='word_1_219' title='bbox 777 1810 889 1850; x_wconf 85' lang='lat' dir='ltr'>ligneis</span> <span class='ocrx_word' id='word_1_220' title='bbox 902 1821 929 1839; x_wconf 85' lang='lat' dir='ltr'>v.</span> <span class='ocrx_word' id='word_1_221' title='bbox 946 1821 978 1851; x_wconf 84' lang='lat' dir='ltr'>g.</span> 
     </span>
     <span class='ocr_line' id='line_1_28' title="bbox 155 1852 981 1893; baseline 0.002 -12"><span class='ocrx_word' id='word_1_222' title='bbox 155 1858 188 1882; x_wconf 82' lang='lat' dir='ltr'>et</span> <span class='ocrx_word' id='word_1_223' title='bbox 201 1852 362 1891; x_wconf 83' lang='lat' dir='ltr'>plumbeis,</span> <span class='ocrx_word' id='word_1_224' title='bbox 385 1863 442 1883; x_wconf 87' lang='lat' dir='ltr'>nec</span> <span class='ocrx_word' id='word_1_225' title='bbox 456 1853 488 1882; x_wconf 93' lang='lat' dir='ltr'>in</span> <span class='ocrx_word' id='word_1_226' title='bbox 503 1852 602 1893; x_wconf 86' lang='lat' dir='ltr'>globis</span> <span class='ocrx_word' id='word_1_227' title='bbox 618 1852 821 1893; x_wconf 79' lang='lat' dir='ltr'>inaequalibus</span> <span class='ocrx_word' id='word_1_228' title='bbox 841 1859 981 1883; x_wconf 64' lang='lat' dir='ltr'>extem</span> 
     </span>
     <span class='ocr_line' id='line_1_29' title="bbox 152 1894 980 1933; baseline 0.001 -10"><span class='ocrx_word' id='word_1_229' title='bbox 152 1903 223 1924; x_wconf 81' lang='lat' dir='ltr'>rum</span> <span class='ocrx_word' id='word_1_230' title='bbox 239 1894 477 1933; x_wconf 80' lang='lat' dir='ltr'>superficierum,</span> <span class='ocrx_word' id='word_1_231' title='bbox 501 1894 554 1925; x_wconf 87' lang='lat' dir='ltr'>sed</span> <span class='ocrx_word' id='word_1_232' title='bbox 576 1894 678 1933; x_wconf 71' lang='lat' dir='ltr'>potius</span> <span class='ocrx_word' id='word_1_233' title='bbox 699 1895 868 1925; x_wconf 82' lang='lat' dir='ltr'>solidorum</span> <span class='ocrx_word' id='word_1_234' title='bbox 889 1895 980 1925; x_wconf 85' lang='lat' dir='ltr'>ratio-</span> 
     </span>
     <span class='ocr_line' id='line_1_30' title="bbox 151 1936 981 1977; baseline 0.001 -11"><span class='ocrx_word' id='word_1_235' title='bbox 151 1945 226 1966; x_wconf 86' lang='lat' dir='ltr'>nem</span> <span class='ocrx_word' id='word_1_236' title='bbox 256 1943 443 1977; x_wconf 82' lang='lat' dir='ltr'>sequeretur.</span> <span class='ocrx_word' id='word_1_237' title='bbox 502 1936 600 1968; x_wconf 71' lang='lat' dir='ltr'>Porro</span> <span class='ocrx_word' id='word_1_238' title='bbox 628 1938 835 1976; x_wconf 74' lang='lat' dir='ltr'>superioribus</span> <span class='ocrx_word' id='word_1_239' title='bbox 862 1937 981 1976; x_wconf 86' lang='lat' dir='ltr'>experi-</span> 
     </span>
     <span class='ocr_line' id='line_1_31' title="bbox 151 1978 982 2020; baseline 0.001 -12"><span class='ocrx_word' id='word_1_240' title='bbox 151 1978 265 2009; x_wconf 85' lang='lat' dir='ltr'>mentis</span> <span class='ocrx_word' id='word_1_241' title='bbox 280 1980 347 2019; x_wconf 87' lang='lat' dir='ltr'>jam</span> <span class='ocrx_word' id='word_1_242' title='bbox 368 1981 527 2018; x_wconf 84' lang='lat' dir='ltr'>probatum</span> <span class='ocrx_word' id='word_1_243' title='bbox 547 1986 593 2010; x_wconf 88' lang='lat' dir='ltr'>est</span> <span class='ocrx_word' id='word_1_244' title='bbox 606 1979 639 2009; x_wconf 90' lang='lat' dir='ltr'>in</span> <span class='ocrx_word' id='word_1_245' title='bbox 653 1979 854 2010; x_wconf 83' lang='lat' dir='ltr'>velocioribus</span> <span class='ocrx_word' id='word_1_246' title='bbox 875 1980 982 2020; x_wconf 89' lang='lat' dir='ltr'>globo-</span> 
     </span>
     <span class='ocr_line' id='line_1_32' title="bbox 150 2021 982 2062; baseline 0.002 -12"><span class='ocrx_word' id='word_1_247' title='bbox 150 2030 224 2050; x_wconf 90' lang='lat' dir='ltr'>rum</span> <span class='ocrx_word' id='word_1_248' title='bbox 237 2021 382 2057; x_wconf 81' lang='lat' dir='ltr'>motibus,</span> <span class='ocrx_word' id='word_1_249' title='bbox 398 2021 581 2052; x_wconf 64' lang='lat' dir='ltr'>resistendas</span> <span class='ocrx_word' id='word_1_250' title='bbox 593 2022 748 2062; x_wconf 84' lang='lat' dir='ltr'>quadratis</span> <span class='ocrx_word' id='word_1_251' title='bbox 762 2022 982 2052; x_wconf 78' lang='lat' dir='ltr'>diametrorum</span> 
     </span>
     <span class='ocr_line' id='line_1_33' title="bbox 151 2063 979 2103; baseline -0.001 -9"><span class='ocrx_word' id='word_1_252' title='bbox 151 2063 392 2102; x_wconf 68' lang='lat' dir='ltr'>proportionales</span> <span class='ocrx_word' id='word_1_253' title='bbox 399 2073 464 2093; x_wconf 63' lang='lat' dir='ltr'>esse</span> <span class='ocrx_word' id='word_1_254' title='bbox 472 2064 564 2103; x_wconf 88' lang='lat' dir='ltr'>qu&#39;am</span> <span class='ocrx_word' id='word_1_255' title='bbox 575 2064 722 2102; x_wconf 88' lang='lat' dir='ltr'>proxime,</span> <span class='ocrx_word' id='word_1_256' title='bbox 732 2064 979 2094; x_wconf 85' lang='lat' dir='ltr'>concludendum</span> 
     </span>
     <span class='ocr_line' id='line_1_34' title="bbox 151 2104 978 2145; baseline 0.001 -10"><span class='ocrx_word' id='word_1_257' title='bbox 151 2104 248 2145; x_wconf 82' lang='lat' dir='ltr'>igitur</span> <span class='ocrx_word' id='word_1_258' title='bbox 261 2112 307 2135; x_wconf 87' lang='lat' dir='ltr'>est</span> <span class='ocrx_word' id='word_1_259' title='bbox 321 2105 438 2135; x_wconf 88' lang='lat' dir='ltr'>nullam</span> <span class='ocrx_word' id='word_1_260' title='bbox 454 2116 519 2135; x_wconf 88' lang='lat' dir='ltr'>esse</span> <span class='ocrx_word' id='word_1_261' title='bbox 534 2106 698 2136; x_wconf 80' lang='lat' dir='ltr'>notabilem</span> <span class='ocrx_word' id='word_1_262' title='bbox 714 2106 747 2135; x_wconf 90' lang='lat' dir='ltr'>in</span> <span class='ocrx_word' id='word_1_263' title='bbox 761 2106 898 2145; x_wconf 79' lang='lat' dir='ltr'>partibus</span> <span class='ocrx_word' id='word_1_264' title='bbox 911 2116 978 2136; x_wconf 85' lang='lat' dir='ltr'>cor-</span> 
     </span>
     <span class='ocr_line' id='line_1_35' title="bbox 151 2147 980 2187; baseline 0.001 -10"><span class='ocrx_word' id='word_1_265' title='bbox 151 2157 263 2186; x_wconf 85' lang='lat' dir='ltr'>porum</span> <span class='ocrx_word' id='word_1_266' title='bbox 273 2147 399 2178; x_wconf 83' lang='lat' dir='ltr'>iuteruis</span> <span class='ocrx_word' id='word_1_267' title='bbox 407 2148 618 2185; x_wconf 81' lang='lat' dir='ltr'>resistentiam,</span> <span class='ocrx_word' id='word_1_268' title='bbox 630 2148 714 2187; x_wconf 89' lang='lat' dir='ltr'>quod</span> <span class='ocrx_word' id='word_1_269' title='bbox 724 2154 828 2178; x_wconf 85' lang='lat' dir='ltr'>tamen</span> <span class='ocrx_word' id='word_1_270' title='bbox 837 2148 980 2187; x_wconf 81' lang='lat' dir='ltr'>deinceps</span> 
     </span>
     <span class='ocr_line' id='line_1_36' title="bbox 151 2189 979 2231; baseline 0.001 -12"><span class='ocrx_word' id='word_1_271' title='bbox 151 2189 293 2229; x_wconf 87' lang='lat' dir='ltr'>pluribus</span> <span class='ocrx_word' id='word_1_272' title='bbox 313 2189 380 2220; x_wconf 87' lang='lat' dir='ltr'>aliis</span> <span class='ocrx_word' id='word_1_273' title='bbox 401 2190 590 2231; x_wconf 79' lang='lat' dir='ltr'>argumentis</span> <span class='ocrx_word' id='word_1_274' title='bbox 611 2190 830 2220; x_wconf 78' lang='lat' dir='ltr'>demonstrabit</span> <span class='ocrx_word' id='word_1_275' title='bbox 853 2191 979 2221; x_wconf 87' lang='lat' dir='ltr'>Newto-</span> 
     </span>
     <span class='ocr_line' id='line_1_37' title="bbox 151 2232 982 2273; baseline 0.001 -11"><span class='ocrx_word' id='word_1_276' title='bbox 151 2241 222 2263; x_wconf 90' lang='lat' dir='ltr'>nus.</span> <span class='ocrx_word' id='word_1_277' title='bbox 261 2232 380 2263; x_wconf 88' lang='lat' dir='ltr'>Verum</span> <span class='ocrx_word' id='word_1_278' title='bbox 395 2233 420 2262; x_wconf 83' lang='lat' dir='ltr'>si</span> <span class='ocrx_word' id='word_1_279' title='bbox 434 2232 572 2263; x_wconf 90' lang='lat' dir='ltr'>medium</span> <span class='ocrx_word' id='word_1_280' title='bbox 586 2232 740 2273; x_wconf 78' lang='lat' dir='ltr'>quoddam</span> <span class='ocrx_word' id='word_1_281' title='bbox 756 2233 921 2263; x_wconf 82' lang='lat' dir='ltr'>aethereum</span> <span class='ocrx_word' id='word_1_282' title='bbox 934 2233 982 2263; x_wconf 84' lang='lat' dir='ltr'>vel</span> 
     </span>
     <span class='ocr_line' id='line_1_38' title="bbox 151 2274 980 2315; baseline 0.001 -11"><span class='ocrx_word' id='word_1_283' title='bbox 151 2274 246 2315; x_wconf 83' lang='lat' dir='ltr'>longe</span> <span class='ocrx_word' id='word_1_284' title='bbox 267 2274 499 2305; x_wconf 86' lang='lat' dir='ltr'>subtilissimum</span> <span class='ocrx_word' id='word_1_285' title='bbox 521 2285 629 2305; x_wconf 88' lang='lat' dir='ltr'>omnes</span> <span class='ocrx_word' id='word_1_286' title='bbox 652 2275 794 2305; x_wconf 88' lang='lat' dir='ltr'>omnium</span> <span class='ocrx_word' id='word_1_287' title='bbox 818 2285 980 2314; x_wconf 88' lang='lat' dir='ltr'>corporum</span> 
     </span>
     <span class='ocr_line' id='line_1_39' title="bbox 153 2317 981 2357; baseline 0 -10"><span class='ocrx_word' id='word_1_288' title='bbox 153 2326 245 2357; x_wconf 87' lang='lat' dir='ltr'>poros</span> <span class='ocrx_word' id='word_1_289' title='bbox 269 2324 300 2348; x_wconf 91' lang='lat' dir='ltr'>et</span> <span class='ocrx_word' id='word_1_290' title='bbox 322 2323 442 2347; x_wconf 84' lang='lat' dir='ltr'>meatus</span> <span class='ocrx_word' id='word_1_291' title='bbox 464 2317 603 2357; x_wconf 85' lang='lat' dir='ltr'>repleret,</span> <span class='ocrx_word' id='word_1_292' title='bbox 633 2324 755 2356; x_wconf 87' lang='lat' dir='ltr'>propter</span> <span class='ocrx_word' id='word_1_293' title='bbox 778 2317 872 2348; x_wconf 89' lang='lat' dir='ltr'>medii</span> <span class='ocrx_word' id='word_1_294' title='bbox 898 2317 981 2347; x_wconf 90' lang='lat' dir='ltr'>illius</span> 
     </span>
     <span class='ocr_line' id='line_1_40' title="bbox 151 2359 981 2400; baseline 0 -10"><span class='ocrx_word' id='word_1_295' title='bbox 151 2359 276 2390; x_wconf 58' lang='lat' dir='ltr'>etherei</span> <span class='ocrx_word' id='word_1_296' title='bbox 290 2368 443 2394; x_wconf 71' lang='lat' dir='ltr'>summam</span> <span class='ocrx_word' id='word_1_297' title='bbox 454 2359 634 2390; x_wconf 77' lang='lat' dir='ltr'>densitatem</span> <span class='ocrx_word' id='word_1_298' title='bbox 644 2366 736 2400; x_wconf 84' lang='lat' dir='ltr'>atque</span> <span class='ocrx_word' id='word_1_299' title='bbox 743 2359 884 2390; x_wconf 85' lang='lat' dir='ltr'>inertiam</span> <span class='ocrx_word' id='word_1_300' title='bbox 895 2359 981 2390; x_wconf 84' lang='lat' dir='ltr'>omni</span> 
     </span>
     <span class='ocr_line' id='line_1_41' title="bbox 152 2402 982 2441; baseline -0.001 -8"><span class='ocrx_word' id='word_1_301' title='bbox 152 2402 288 2433; x_wconf 76' lang='lat' dir='ltr'>materiae</span> <span class='ocrx_word' id='word_1_302' title='bbox 301 2403 464 2441; x_wconf 86' lang='lat' dir='ltr'>propriam,</span> <span class='ocrx_word' id='word_1_303' title='bbox 480 2408 581 2441; x_wconf 86' lang='lat' dir='ltr'>partes</span> <span class='ocrx_word' id='word_1_304' title='bbox 595 2403 723 2432; x_wconf 84' lang='lat' dir='ltr'>internae</span> <span class='ocrx_word' id='word_1_305' title='bbox 744 2412 907 2441; x_wconf 89' lang='lat' dir='ltr'>corporum</span> <span class='ocrx_word' id='word_1_306' title='bbox 927 2412 982 2441; x_wconf 86' lang='lat' dir='ltr'>per</span> 
     </span>
     <span class='ocr_line' id='line_1_42' title="bbox 153 2445 981 2485; baseline 0 -10"><span class='ocrx_word' id='word_1_307' title='bbox 153 2454 300 2485; x_wconf 80' lang='lat' dir='ltr'>magnam</span> <span class='ocrx_word' id='word_1_308' title='bbox 321 2445 522 2475; x_wconf 86' lang='lat' dir='ltr'>resistentiam</span> <span class='ocrx_word' id='word_1_309' title='bbox 542 2445 697 2475; x_wconf 80' lang='lat' dir='ltr'>sentirent.</span> <span class='ocrx_word' id='word_1_310' title='bbox 746 2445 792 2475; x_wconf 81' lang='lat' dir='ltr'>At</span> <span class='ocrx_word' id='word_1_311' title='bbox 805 2445 859 2485; x_wconf 86' lang='lat' dir='ltr'>qui</span> <span class='ocrx_word' id='word_1_312' title='bbox 876 2445 981 2475; x_wconf 78' lang='lat' dir='ltr'>earoe-</span> 
     </span>
     <span class='ocr_line' id='line_1_43' title="bbox 154 2486 982 2526; baseline 0 -9"><span class='ocrx_word' id='word_1_313' title='bbox 154 2487 277 2518; x_wconf 74' lang='lat' dir='ltr'>sianum</span> <span class='ocrx_word' id='word_1_314' title='bbox 290 2486 400 2517; x_wconf 87' lang='lat' dir='ltr'>mundi</span> <span class='ocrx_word' id='word_1_315' title='bbox 415 2487 497 2525; x_wconf 90' lang='lat' dir='ltr'>pleni</span> <span class='ocrx_word' id='word_1_316' title='bbox 513 2495 644 2526; x_wconf 85' lang='lat' dir='ltr'>systema</span> <span class='ocrx_word' id='word_1_317' title='bbox 665 2487 868 2517; x_wconf 85' lang='lat' dir='ltr'>emendarunt</span> <span class='ocrx_word' id='word_1_318' title='bbox 882 2487 982 2517; x_wconf 82' lang='lat' dir='ltr'>novis·</span> 
     </span>
     <span class='ocr_line' id='line_1_44' title="bbox 154 2529 983 2571; baseline 0.001 -12"><span class='ocrx_word' id='word_1_319' title='bbox 154 2539 216 2570; x_wconf 82' lang='lat' dir='ltr'>que</span> <span class='ocrx_word' id='word_1_320' title='bbox 229 2529 360 2560; x_wconf 82' lang='lat' dir='ltr'>inventis</span> <span class='ocrx_word' id='word_1_321' title='bbox 373 2537 522 2560; x_wconf 87' lang='lat' dir='ltr'>ornarunt</span> <span class='ocrx_word' id='word_1_322' title='bbox 532 2529 727 2560; x_wconf 78' lang='lat' dir='ltr'>eruditissimi</span> <span class='ocrx_word' id='word_1_323' title='bbox 735 2530 983 2571; x_wconf 77' lang='lat' dir='ltr'>sagacissImique</span> 
     </span>
     <span class='ocr_line' id='line_1_45' title="bbox 155 2572 982 2612; baseline -0.001 -10"><span class='ocrx_word' id='word_1_324' title='bbox 155 2572 372 2609; x_wconf 85' lang='lat' dir='ltr'>mathematici,</span> <span class='ocrx_word' id='word_1_325' title='bbox 402 2572 435 2608; x_wconf 89' lang='lat' dir='ltr'>ii,</span> <span class='ocrx_word' id='word_1_326' title='bbox 468 2572 634 2611; x_wconf 83' lang='lat' dir='ltr'>repudiatis</span> <span class='ocrx_word' id='word_1_327' title='bbox 669 2573 820 2603; x_wconf 70' lang='lat' dir='ltr'>veteribus</span> <span class='ocrx_word' id='word_1_328' title='bbox 848 2572 982 2612; x_wconf 84' lang='lat' dir='ltr'>effugiis,</span> 
     </span>
     <span class='ocr_line' id='line_1_46' title="bbox 157 2614 983 2655; baseline 0 -11"><span class='ocrx_word' id='word_1_329' title='bbox 157 2614 270 2655; x_wconf 78' lang='lat' dir='ltr'>quibus</span> <span class='ocrx_word' id='word_1_330' title='bbox 286 2614 532 2645; x_wconf 84' lang='lat' dir='ltr'>Cartesianorum</span> <span class='ocrx_word' id='word_1_331' title='bbox 554 2614 668 2655; x_wconf 86' lang='lat' dir='ltr'>vulgus</span> <span class='ocrx_word' id='word_1_332' title='bbox 682 2615 788 2649; x_wconf 88' lang='lat' dir='ltr'>utitur,</span> <span class='ocrx_word' id='word_1_333' title='bbox 812 2624 848 2645; x_wconf 91' lang='lat' dir='ltr'>ex</span> <span class='ocrx_word' id='word_1_334' title='bbox 864 2614 983 2644; x_wconf 87' lang='lat' dir='ltr'>subtili-</span> 
     </span>
     <span class='ocr_line' id='line_1_47' title="bbox 156 2657 984 2696; baseline 0.001 -10"><span class='ocrx_word' id='word_1_335' title='bbox 156 2661 219 2686; x_wconf 75' lang='lat' dir='ltr'>tate</span> <span class='ocrx_word' id='word_1_336' title='bbox 243 2666 278 2686; x_wconf 87' lang='lat' dir='ltr'>ac</span> <span class='ocrx_word' id='word_1_337' title='bbox 303 2657 471 2687; x_wconf 76' lang='lat' dir='ltr'>mobilitate</span> <span class='ocrx_word' id='word_1_338' title='bbox 499 2657 620 2687; x_wconf 84' lang='lat' dir='ltr'>oetheris</span> <span class='ocrx_word' id='word_1_339' title='bbox 643 2664 674 2687; x_wconf 86' lang='lat' dir='ltr'>et</span> <span class='ocrx_word' id='word_1_340' title='bbox 687 2660 843 2696; x_wconf 75' lang='lat' dir='ltr'>‘potorum</span> <span class='ocrx_word' id='word_1_341' title='bbox 872 2657 984 2696; x_wconf 89' lang='lat' dir='ltr'>quibus</span> 
     </span>
     <span class='ocr_line' id='line_1_48' title="bbox 157 2699 981 2738; baseline 0.001 -10"><span class='ocrx_word' id='word_1_342' title='bbox 157 2707 284 2737; x_wconf 78' lang='lat' dir='ltr'>corpora</span> <span class='ocrx_word' id='word_1_343' title='bbox 297 2700 402 2729; x_wconf 88' lang='lat' dir='ltr'>omnia</span> <span class='ocrx_word' id='word_1_344' title='bbox 415 2706 538 2738; x_wconf 84' lang='lat' dir='ltr'>pertusa</span> <span class='ocrx_word' id='word_1_345' title='bbox 558 2706 632 2729; x_wconf 85' lang='lat' dir='ltr'>sunt</span> <span class='ocrx_word' id='word_1_346' title='bbox 652 2699 849 2738; x_wconf 85' lang='lat' dir='ltr'>dispositione</span> <span class='ocrx_word' id='word_1_347' title='bbox 870 2699 981 2738; x_wconf 88' lang='lat' dir='ltr'>petitis,</span> 
     </span>
     <span class='ocr_line' id='line_1_49' title="bbox 157 2741 983 2781; baseline -0.001 -11"><span class='ocrx_word' id='word_1_348' title='bbox 157 2741 217 2770; x_wconf 88' lang='lat' dir='ltr'>hoc</span> <span class='ocrx_word' id='word_1_349' title='bbox 231 2750 330 2770; x_wconf 88' lang='lat' dir='ltr'>unum</span> <span class='ocrx_word' id='word_1_350' title='bbox 345 2751 523 2781; x_wconf 87' lang='lat' dir='ltr'>responsum</span> <span class='ocrx_word' id='word_1_351' title='bbox 539 2742 707 2780; x_wconf 81' lang='lat' dir='ltr'>proferunt,</span> <span class='ocrx_word' id='word_1_352' title='bbox 734 2743 895 2772; x_wconf 69' lang='lat' dir='ltr'>aetheream</span> <span class='ocrx_word' id='word_1_353' title='bbox 916 2752 983 2772; x_wconf 79' lang='lat' dir='ltr'>ma-</span> 
     </span>
     <span class='ocr_line' id='line_1_50' title="bbox 157 2782 983 2823; baseline 0.002 -10"><span class='ocrx_word' id='word_1_354' title='bbox 157 2782 266 2813; x_wconf 75' lang='lat' dir='ltr'>teriam</span> <span class='ocrx_word' id='word_1_355' title='bbox 286 2793 445 2822; x_wconf 83' lang='lat' dir='ltr'>corporum</span> <span class='ocrx_word' id='word_1_356' title='bbox 468 2785 608 2823; x_wconf 88' lang='lat' dir='ltr'>gravium</span> <span class='ocrx_word' id='word_1_357' title='bbox 633 2784 768 2813; x_wconf 88' lang='lat' dir='ltr'>motibus</span> <span class='ocrx_word' id='word_1_358' title='bbox 787 2784 915 2814; x_wconf 87' lang='lat' dir='ltr'>minime</span> <span class='ocrx_word' id='word_1_359' title='bbox 935 2794 983 2815; x_wconf 86' lang='lat' dir='ltr'>re·</span> 
     </span>
     <span class='ocr_line' id='line_1_51' title="bbox 158 2825 984 2866; baseline 0.002 -12"><span class='ocrx_word' id='word_1_360' title='bbox 158 2825 273 2861; x_wconf 80' lang='lat' dir='ltr'>sistere,</span> <span class='ocrx_word' id='word_1_361' title='bbox 287 2825 371 2865; x_wconf 89' lang='lat' dir='ltr'>quod</span> <span class='ocrx_word' id='word_1_362' title='bbox 385 2826 424 2856; x_wconf 83' lang='lat' dir='ltr'>sit</span> <span class='ocrx_word' id='word_1_363' title='bbox 437 2826 521 2856; x_wconf 89' lang='lat' dir='ltr'>omni</span> <span class='ocrx_word' id='word_1_364' title='bbox 543 2826 690 2866; x_wconf 81' lang='lat' dir='ltr'>gravitate</span> <span class='ocrx_word' id='word_1_365' title='bbox 710 2826 864 2856; x_wconf 81' lang='lat' dir='ltr'>destituta.</span> <span class='ocrx_word' id='word_1_366' title='bbox 913 2827 984 2857; x_wconf 80' lang='lat' dir='ltr'>Du-</span> 
     </span>
     <span class='ocr_line' id='line_1_52' title="bbox 159 2866 985 2908; baseline 0.004 -12"><span class='ocrx_word' id='word_1_367' title='bbox 159 2866 248 2907; x_wconf 88' lang='lat' dir='ltr'>plicis</span> <span class='ocrx_word' id='word_1_368' title='bbox 273 2868 374 2907; x_wconf 86' lang='lat' dir='ltr'>itaque</span> <span class='ocrx_word' id='word_1_369' title='bbox 398 2869 518 2908; x_wconf 81' lang='lat' dir='ltr'>generis</span> <span class='ocrx_word' id='word_1_370' title='bbox 541 2869 698 2898; x_wconf 84' lang='lat' dir='ltr'>materiam</span> <span class='ocrx_word' id='word_1_371' title='bbox 715 2870 746 2897; x_wconf 94' lang='lat' dir='ltr'>in</span> <span class='ocrx_word' id='word_1_372' title='bbox 762 2868 904 2898; x_wconf 84' lang='lat' dir='ltr'>universo</span> <span class='ocrx_word' id='word_1_373' title='bbox 924 2868 985 2899; x_wconf 74' lang='lat' dir='ltr'>dis-</span> 
     </span>
     <span class='ocr_line' id='line_1_53' title="bbox 159 2910 987 2952; baseline 0.001 -12"><span class='ocrx_word' id='word_1_374' title='bbox 159 2910 319 2950; x_wconf 81' lang='lat' dir='ltr'>tinguunt,</span> <span class='ocrx_word' id='word_1_375' title='bbox 345 2919 469 2949; x_wconf 82' lang='lat' dir='ltr'>gravem</span> <span class='ocrx_word' id='word_1_376' title='bbox 490 2910 616 2941; x_wconf 84' lang='lat' dir='ltr'>alteram</span> <span class='ocrx_word' id='word_1_377' title='bbox 631 2912 720 2952; x_wconf 87' lang='lat' dir='ltr'>cujus</span> <span class='ocrx_word' id='word_1_378' title='bbox 734 2917 834 2950; x_wconf 81' lang='lat' dir='ltr'>partes</span> <span class='ocrx_word' id='word_1_379' title='bbox 847 2911 880 2940; x_wconf 90' lang='lat' dir='ltr'>in</span> <span class='ocrx_word' id='word_1_380' title='bbox 893 2913 987 2942; x_wconf 75' lang='lat' dir='ltr'>vorti·</span> 
     </span>
     <span class='ocr_line' id='line_1_54' title="bbox 159 2951 987 2994; baseline 0.002 -12"><span class='ocrx_word' id='word_1_381' title='bbox 159 2952 247 2982; x_wconf 92' lang='lat' dir='ltr'>culos</span> <span class='ocrx_word' id='word_1_382' title='bbox 275 2951 380 2981; x_wconf 81' lang='lat' dir='ltr'>divisae</span> <span class='ocrx_word' id='word_1_383' title='bbox 409 2962 472 2982; x_wconf 88' lang='lat' dir='ltr'>non</span> <span class='ocrx_word' id='word_1_384' title='bbox 495 2959 577 2988; x_wconf 77' lang='lat' dir='ltr'>sunt,</span> <span class='ocrx_word' id='word_1_385' title='bbox 607 2953 735 2984; x_wconf 80' lang='lat' dir='ltr'>alteram</span> <span class='ocrx_word' id='word_1_386' title='bbox 760 2963 824 2982; x_wconf 87' lang='lat' dir='ltr'>nou</span> <span class='ocrx_word' id='word_1_387' title='bbox 851 2963 987 2994; x_wconf 79' lang='lat' dir='ltr'>gravem,</span> 
     </span>
     <span class='ocr_line' id='line_1_55' title="bbox 158 2993 986 3035; baseline 0.004 -12"><span class='ocrx_word' id='word_1_388' title='bbox 158 2993 261 3024; x_wconf 84' lang='lat' dir='ltr'>omnis</span> <span class='ocrx_word' id='word_1_389' title='bbox 274 2999 378 3024; x_wconf 81' lang='lat' dir='ltr'>tamen</span> <span class='ocrx_word' id='word_1_390' title='bbox 393 2994 550 3034; x_wconf 80' lang='lat' dir='ltr'>gravitatis</span> <span class='ocrx_word' id='word_1_391' title='bbox 563 3006 695 3031; x_wconf 85' lang='lat' dir='ltr'>causam,</span> <span class='ocrx_word' id='word_1_392' title='bbox 718 2996 808 3035; x_wconf 88' lang='lat' dir='ltr'>cujus</span> <span class='ocrx_word' id='word_1_393' title='bbox 829 3002 930 3034; x_wconf 83' lang='lat' dir='ltr'>partes</span> <span class='ocrx_word' id='word_1_394' title='bbox 950 3007 986 3026; x_wconf 86' lang='lat' dir='ltr'>ex</span> 
     </span>
     <span class='ocr_line' id='line_1_56' title="bbox 159 3035 990 3077; baseline 0.004 -12"><span class='ocrx_word' id='word_1_395' title='bbox 159 3036 347 3066; x_wconf 83' lang='lat' dir='ltr'>tenuissimis</span> <span class='ocrx_word' id='word_1_396' title='bbox 362 3035 513 3066; x_wconf 82' lang='lat' dir='ltr'>variorum</span> <span class='ocrx_word' id='word_1_397' title='bbox 527 3038 673 3068; x_wconf 86' lang='lat' dir='ltr'>ordinum</span> <span class='ocrx_word' id='word_1_398' title='bbox 688 3037 844 3077; x_wconf 77' lang='lat' dir='ltr'>verticulis</span> <span class='ocrx_word' id='word_1_399' title='bbox 862 3038 990 3069; x_wconf 83' lang='lat' dir='ltr'>elasticis</span> 
     </span>
     <span class='ocr_line' id='line_1_57' title="bbox 158 3077 990 3118; baseline 0.004 -9"><span class='ocrx_word' id='word_1_400' title='bbox 158 3084 309 3112; x_wconf 84' lang='lat' dir='ltr'>constant.</span> <span class='ocrx_word' id='word_1_401' title='bbox 359 3077 445 3113; x_wconf 66' lang='lat' dir='ltr'>ctam,</span> <span class='ocrx_word' id='word_1_402' title='bbox 472 3085 575 3110; x_wconf 84' lang='lat' dir='ltr'>autem</span> <span class='ocrx_word' id='word_1_403' title='bbox 604 3080 649 3111; x_wconf 82' lang='lat' dir='ltr'>vis</span> <span class='ocrx_word' id='word_1_404' title='bbox 675 3079 788 3118; x_wconf 84' lang='lat' dir='ltr'>motrix</span> <span class='ocrx_word' id='word_1_405' title='bbox 816 3079 856 3111; x_wconf 86' lang='lat' dir='ltr'>ad</span> <span class='ocrx_word' id='word_1_406' title='bbox 883 3080 990 3112; x_wconf 84' lang='lat' dir='ltr'>datum</span> 
     </span>
    </p>
   </div>
   <div class='ocr_carea' id='block_1_5' title="bbox 1022 1259 1863 2526">
    <p class='ocr_par' dir='ltr' id='par_1_6' title="bbox 1022 1259 1863 2526">
     <span class='ocr_line' id='line_1_58' title="bbox 1028 1259 1863 1302; baseline -0.001 -11"><span class='ocrx_word' id='word_1_407' title='bbox 1028 1270 1141 1300; x_wconf 88' lang='lat' dir='ltr'>corpus</span> <span class='ocrx_word' id='word_1_408' title='bbox 1154 1270 1246 1302; x_wconf 81' lang='lat' dir='ltr'>grave</span> <span class='ocrx_word' id='word_1_409' title='bbox 1260 1259 1332 1291; x_wconf 67' lang='lat' dir='ltr'>datii</span> <span class='ocrx_word' id='word_1_410' title='bbox 1345 1260 1498 1291; x_wconf 82' lang='lat' dir='ltr'>celeritate</span> <span class='ocrx_word' id='word_1_411' title='bbox 1511 1260 1699 1290; x_wconf 75' lang='lat' dir='ltr'>movendum</span> <span class='ocrx_word' id='word_1_412' title='bbox 1714 1259 1863 1290; x_wconf 83' lang='lat' dir='ltr'>adhiben-</span> 
     </span>
     <span class='ocr_line' id='line_1_59' title="bbox 1029 1301 1862 1343; baseline -0.001 -10"><span class='ocrx_word' id='word_1_413' title='bbox 1029 1303 1079 1339; x_wconf 88' lang='lat' dir='ltr'>da,</span> <span class='ocrx_word' id='word_1_414' title='bbox 1089 1303 1281 1333; x_wconf 86' lang='lat' dir='ltr'>decrescente</span> <span class='ocrx_word' id='word_1_415' title='bbox 1292 1303 1426 1342; x_wconf 88' lang='lat' dir='ltr'>corporis</span> <span class='ocrx_word' id='word_1_416' title='bbox 1437 1303 1531 1343; x_wconf 88' lang='lat' dir='ltr'>hujus</span> <span class='ocrx_word' id='word_1_417' title='bbox 1541 1303 1696 1343; x_wconf 82' lang='lat' dir='ltr'>gravitate,</span> <span class='ocrx_word' id='word_1_418' title='bbox 1708 1303 1740 1332; x_wconf 91' lang='lat' dir='ltr'>in</span> <span class='ocrx_word' id='word_1_419' title='bbox 1752 1301 1862 1332; x_wconf 68' lang='lat' dir='ltr'>eadem</span> 
     </span>
     <span class='ocr_line' id='line_1_60' title="bbox 1030 1345 1860 1385; baseline -0.001 -10"><span class='ocrx_word' id='word_1_420' title='bbox 1030 1346 1149 1375; x_wconf 84' lang='lat' dir='ltr'>ratione</span> <span class='ocrx_word' id='word_1_421' title='bbox 1163 1345 1326 1382; x_wconf 84' lang='lat' dir='ltr'>decrescat,</span> <span class='ocrx_word' id='word_1_422' title='bbox 1354 1346 1500 1385; x_wconf 85' lang='lat' dir='ltr'>nullaque</span> <span class='ocrx_word' id='word_1_423' title='bbox 1519 1346 1559 1375; x_wconf 88' lang='lat' dir='ltr'>sit</span> <span class='ocrx_word' id='word_1_424' title='bbox 1583 1345 1704 1374; x_wconf 82' lang='lat' dir='ltr'>aetheris</span> <span class='ocrx_word' id='word_1_425' title='bbox 1717 1345 1860 1385; x_wconf 78' lang='lat' dir='ltr'>gravitas,</span> 
     </span>
     <span class='ocr_line' id='line_1_61' title="bbox 1030 1386 1860 1428; baseline -0.001 -11"><span class='ocrx_word' id='word_1_426' title='bbox 1030 1397 1220 1428; x_wconf 83' lang='lat' dir='ltr'>consequens</span> <span class='ocrx_word' id='word_1_427' title='bbox 1240 1398 1304 1418; x_wconf 54' lang='lat' dir='ltr'>esse</span> <span class='ocrx_word' id='word_1_428' title='bbox 1319 1388 1407 1418; x_wconf 85' lang='lat' dir='ltr'>aiunt</span> <span class='ocrx_word' id='word_1_429' title='bbox 1420 1395 1457 1418; x_wconf 92' lang='lat' dir='ltr'>ut</span> <span class='ocrx_word' id='word_1_430' title='bbox 1470 1398 1581 1426; x_wconf 85' lang='lat' dir='ltr'>cerpus</span> <span class='ocrx_word' id='word_1_431' title='bbox 1604 1397 1698 1427; x_wconf 84' lang='lat' dir='ltr'>grave</span> <span class='ocrx_word' id='word_1_432' title='bbox 1722 1386 1806 1427; x_wconf 87' lang='lat' dir='ltr'>quod</span> <span class='ocrx_word' id='word_1_433' title='bbox 1828 1387 1860 1416; x_wconf 87' lang='lat' dir='ltr'>in</span> 
     </span>
     <span class='ocr_line' id='line_1_62' title="bbox 1031 1428 1860 1464; baseline -0.001 -5"><span class='ocrx_word' id='word_1_434' title='bbox 1031 1430 1144 1459; x_wconf 80' lang='lat' dir='ltr'>aethere</span> <span class='ocrx_word' id='word_1_435' title='bbox 1158 1428 1232 1459; x_wconf 64' lang='lat' dir='ltr'>data</span> <span class='ocrx_word' id='word_1_436' title='bbox 1246 1430 1399 1460; x_wconf 84' lang='lat' dir='ltr'>celeritate</span> <span class='ocrx_word' id='word_1_437' title='bbox 1420 1430 1526 1464; x_wconf 80' lang='lat' dir='ltr'>fertur,</span> <span class='ocrx_word' id='word_1_438' title='bbox 1554 1429 1676 1459; x_wconf 88' lang='lat' dir='ltr'>nonnisi</span> <span class='ocrx_word' id='word_1_439' title='bbox 1697 1429 1860 1459; x_wconf 83' lang='lat' dir='ltr'>infinitesi-</span> 
     </span>
     <span class='ocr_line' id='line_1_63' title="bbox 1026 1471 1859 1510; baseline 0 -10"><span class='ocrx_word' id='word_1_440' title='bbox 1026 1481 1111 1501; x_wconf 88' lang='lat' dir='ltr'>mam</span> <span class='ocrx_word' id='word_1_441' title='bbox 1133 1472 1237 1501; x_wconf 73' lang='lat' dir='ltr'>motus</span> <span class='ocrx_word' id='word_1_442' title='bbox 1261 1472 1310 1501; x_wconf 89' lang='lat' dir='ltr'>sui</span> <span class='ocrx_word' id='word_1_443' title='bbox 1335 1478 1452 1510; x_wconf 86' lang='lat' dir='ltr'>partem</span> <span class='ocrx_word' id='word_1_444' title='bbox 1477 1481 1516 1501; x_wconf 90' lang='lat' dir='ltr'>ex</span> <span class='ocrx_word' id='word_1_445' title='bbox 1540 1471 1711 1501; x_wconf 80' lang='lat' dir='ltr'>resistentia</span> <span class='ocrx_word' id='word_1_446' title='bbox 1739 1471 1859 1500; x_wconf 68' lang='lat' dir='ltr'>aetheris</span> 
     </span>
     <span class='ocr_line' id='line_1_64' title="bbox 1027 1512 1861 1553; baseline 0 -10"><span class='ocrx_word' id='word_1_447' title='bbox 1027 1512 1116 1543; x_wconf 86' lang='lat' dir='ltr'>finito</span> <span class='ocrx_word' id='word_1_448' title='bbox 1129 1514 1236 1553; x_wconf 87' lang='lat' dir='ltr'>quovis</span> <span class='ocrx_word' id='word_1_449' title='bbox 1251 1520 1387 1552; x_wconf 86' lang='lat' dir='ltr'>tempore</span> <span class='ocrx_word' id='word_1_450' title='bbox 1402 1513 1555 1552; x_wconf 85' lang='lat' dir='ltr'>deperdat.</span> <span class='ocrx_word' id='word_1_451' title='bbox 1604 1512 1724 1543; x_wconf 69' lang='lat' dir='ltr'>Verum</span> <span class='ocrx_word' id='word_1_452' title='bbox 1737 1519 1861 1552; x_wconf 88' lang='lat' dir='ltr'>praeter-</span> 
     </span>
     <span class='ocr_line' id='line_1_65' title="bbox 1024 1555 1860 1596; baseline -0.001 -11"><span class='ocrx_word' id='word_1_453' title='bbox 1024 1566 1118 1596; x_wconf 84' lang='lat' dir='ltr'>quam</span> <span class='ocrx_word' id='word_1_454' title='bbox 1143 1556 1227 1596; x_wconf 90' lang='lat' dir='ltr'>quod</span> <span class='ocrx_word' id='word_1_455' title='bbox 1251 1562 1353 1586; x_wconf 86' lang='lat' dir='ltr'>totum</span> <span class='ocrx_word' id='word_1_456' title='bbox 1376 1557 1434 1586; x_wconf 88' lang='lat' dir='ltr'>hoc</span> <span class='ocrx_word' id='word_1_457' title='bbox 1450 1562 1591 1596; x_wconf 81' lang='lat' dir='ltr'>systema,</span> <span class='ocrx_word' id='word_1_458' title='bbox 1618 1563 1654 1586; x_wconf 89' lang='lat' dir='ltr'>ut</span> <span class='ocrx_word' id='word_1_459' title='bbox 1678 1555 1803 1595; x_wconf 83' lang='lat' dir='ltr'>elegans</span> <span class='ocrx_word' id='word_1_460' title='bbox 1824 1565 1860 1585; x_wconf 87' lang='lat' dir='ltr'>ac</span> 
     </span>
     <span class='ocr_line' id='line_1_66' title="bbox 1024 1598 1857 1637; baseline 0 -9"><span class='ocrx_word' id='word_1_461' title='bbox 1024 1605 1200 1635; x_wconf 86' lang='lat' dir='ltr'>venustum,</span> <span class='ocrx_word' id='word_1_462' title='bbox 1223 1598 1303 1628; x_wconf 87' lang='lat' dir='ltr'>fictis</span> <span class='ocrx_word' id='word_1_463' title='bbox 1317 1598 1380 1628; x_wconf 78' lang='lat' dir='ltr'>fere</span> <span class='ocrx_word' id='word_1_464' title='bbox 1395 1598 1433 1628; x_wconf 83' lang='lat' dir='ltr'>ad</span> <span class='ocrx_word' id='word_1_465' title='bbox 1448 1598 1606 1628; x_wconf 77' lang='lat' dir='ltr'>arbitrium</span> <span class='ocrx_word' id='word_1_466' title='bbox 1628 1598 1857 1637; x_wconf 83' lang='lat' dir='ltr'>hypothesibus,</span> 
     </span>
     <span class='ocr_line' id='line_1_67' title="bbox 1024 1639 1860 1680; baseline -0.002 -9"><span class='ocrx_word' id='word_1_467' title='bbox 1024 1650 1100 1680; x_wconf 66' lang='lat' dir='ltr'>qum</span> <span class='ocrx_word' id='word_1_468' title='bbox 1125 1642 1296 1672; x_wconf 86' lang='lat' dir='ltr'>Newtonus</span> <span class='ocrx_word' id='word_1_469' title='bbox 1321 1651 1338 1670; x_wconf 92' lang='lat' dir='ltr'>e</span> <span class='ocrx_word' id='word_1_470' title='bbox 1360 1640 1484 1679; x_wconf 69' lang='lat' dir='ltr'>physica</span> <span class='ocrx_word' id='word_1_471' title='bbox 1506 1639 1741 1678; x_wconf 88' lang='lat' dir='ltr'>experimentali</span> <span class='ocrx_word' id='word_1_472' title='bbox 1767 1639 1860 1670; x_wconf 82' lang='lat' dir='ltr'>vellet</span> 
     </span>
     <span class='ocr_line' id='line_1_68' title="bbox 1025 1682 1859 1728; baseline 0.001 -16"><span class='ocrx_word' id='word_1_473' title='bbox 1025 1683 1185 1719; x_wconf 86' lang='lat' dir='ltr'>eliminari,</span> <span class='ocrx_word' id='word_1_474' title='bbox 1201 1682 1317 1719; x_wconf 81' lang='lat' dir='ltr'>nititur,</span> <span class='ocrx_word' id='word_1_475' title='bbox 1333 1683 1539 1728; x_wconf 65' lang='lat' dir='ltr'>plurimisquq</span> <span class='ocrx_word' id='word_1_476' title='bbox 1545 1689 1575 1712; x_wconf 79' lang='lat' dir='ltr'>et</span> <span class='ocrx_word' id='word_1_477' title='bbox 1588 1682 1775 1722; x_wconf 81' lang='lat' dir='ltr'>gravissimis</span> <span class='ocrx_word' id='word_1_478' title='bbox 1788 1682 1859 1713; x_wconf 87' lang='lat' dir='ltr'>aliis</span> 
     </span>
     <span class='ocr_line' id='line_1_69' title="bbox 1024 1723 1859 1765; baseline -0.001 -10"><span class='ocrx_word' id='word_1_479' title='bbox 1024 1735 1064 1755; x_wconf 87' lang='lat' dir='ltr'>ex</span> <span class='ocrx_word' id='word_1_480' title='bbox 1086 1726 1263 1757; x_wconf 80' lang='lat' dir='ltr'>mechanica</span> <span class='ocrx_word' id='word_1_481' title='bbox 1290 1732 1382 1765; x_wconf 89' lang='lat' dir='ltr'>atque</span> <span class='ocrx_word' id='word_1_482' title='bbox 1410 1723 1598 1754; x_wconf 64' lang='lat' dir='ltr'>astronomia</span> <span class='ocrx_word' id='word_1_483' title='bbox 1625 1724 1859 1755; x_wconf 84' lang='lat' dir='ltr'>difficultatibus</span> 
     </span>
     <span class='ocr_line' id='line_1_70' title="bbox 1025 1766 1856 1806; baseline -0.002 -8"><span class='ocrx_word' id='word_1_484' title='bbox 1025 1769 1183 1806; x_wconf 84' lang='lat' dir='ltr'>premitur,</span> <span class='ocrx_word' id='word_1_485' title='bbox 1207 1767 1377 1798; x_wconf 76' lang='lat' dir='ltr'>adductum</span> <span class='ocrx_word' id='word_1_486' title='bbox 1392 1766 1487 1797; x_wconf 74' lang='lat' dir='ltr'>modo</span> <span class='ocrx_word' id='word_1_487' title='bbox 1508 1777 1688 1806; x_wconf 81' lang='lat' dir='ltr'>responsum</span> <span class='ocrx_word' id='word_1_488' title='bbox 1703 1767 1751 1796; x_wconf 86' lang='lat' dir='ltr'>his</span> <span class='ocrx_word' id='word_1_489' title='bbox 1765 1768 1856 1796; x_wconf 87' lang='lat' dir='ltr'>etiam</span> 
     </span>
     <span class='ocr_line' id='line_1_71' title="bbox 1025 1809 1857 1848; baseline -0.001 -8"><span class='ocrx_word' id='word_1_490' title='bbox 1025 1811 1143 1841; x_wconf 82' lang='lat' dir='ltr'>laborat</span> <span class='ocrx_word' id='word_1_491' title='bbox 1155 1810 1367 1841; x_wconf 86' lang='lat' dir='ltr'>incommodis.</span> <span class='ocrx_word' id='word_1_492' title='bbox 1417 1809 1560 1840; x_wconf 90' lang='lat' dir='ltr'>Primum</span> <span class='ocrx_word' id='word_1_493' title='bbox 1581 1810 1706 1848; x_wconf 89' lang='lat' dir='ltr'>quidem</span> <span class='ocrx_word' id='word_1_494' title='bbox 1733 1809 1857 1839; x_wconf 74' lang='lat' dir='ltr'>evidens</span> 
     </span>
     <span class='ocr_line' id='line_1_72' title="bbox 1024 1850 1857 1892; baseline -0.004 -9"><span class='ocrx_word' id='word_1_495' title='bbox 1024 1860 1080 1890; x_wconf 79' lang='lat' dir='ltr'>est,</span> <span class='ocrx_word' id='word_1_496' title='bbox 1104 1853 1166 1883; x_wconf 84' lang='lat' dir='ltr'>vim</span> <span class='ocrx_word' id='word_1_497' title='bbox 1187 1853 1271 1882; x_wconf 84' lang='lat' dir='ltr'>illam</span> <span class='ocrx_word' id='word_1_498' title='bbox 1288 1863 1358 1892; x_wconf 85' lang='lat' dir='ltr'>quae</span> <span class='ocrx_word' id='word_1_499' title='bbox 1373 1851 1412 1882; x_wconf 87' lang='lat' dir='ltr'>ad</span> <span class='ocrx_word' id='word_1_500' title='bbox 1434 1862 1544 1890; x_wconf 88' lang='lat' dir='ltr'>corpus</span> <span class='ocrx_word' id='word_1_501' title='bbox 1559 1860 1651 1891; x_wconf 87' lang='lat' dir='ltr'>grave</span> <span class='ocrx_word' id='word_1_502' title='bbox 1666 1850 1773 1881; x_wconf 72' lang='lat' dir='ltr'>contra</span> <span class='ocrx_word' id='word_1_503' title='bbox 1785 1862 1857 1892; x_wconf 80' lang='lat' dir='ltr'>gra-</span> 
     </span>
     <span class='ocr_line' id='line_1_73' title="bbox 1023 1893 1854 1930; baseline -0.002 -5"><span class='ocrx_word' id='word_1_504' title='bbox 1023 1895 1124 1926; x_wconf 79' lang='lat' dir='ltr'>vitatis</span> <span class='ocrx_word' id='word_1_505' title='bbox 1147 1895 1344 1926; x_wconf 79' lang='lat' dir='ltr'>directionem</span> <span class='ocrx_word' id='word_1_506' title='bbox 1368 1894 1583 1924; x_wconf 89' lang='lat' dir='ltr'>sustinendum</span> <span class='ocrx_word' id='word_1_507' title='bbox 1607 1893 1774 1923; x_wconf 84' lang='lat' dir='ltr'>necessaria</span> <span class='ocrx_word' id='word_1_508' title='bbox 1799 1900 1854 1930; x_wconf 84' lang='lat' dir='ltr'>est,</span> 
     </span>
     <span class='ocr_line' id='line_1_74' title="bbox 1024 1936 1853 1977; baseline -0.004 -9"><span class='ocrx_word' id='word_1_509' title='bbox 1024 1948 1097 1968; x_wconf 88' lang='lat' dir='ltr'>cum</span> <span class='ocrx_word' id='word_1_510' title='bbox 1120 1938 1255 1977; x_wconf 89' lang='lat' dir='ltr'>corporis</span> <span class='ocrx_word' id='word_1_511' title='bbox 1281 1936 1415 1975; x_wconf 86' lang='lat' dir='ltr'>pondere</span> <span class='ocrx_word' id='word_1_512' title='bbox 1438 1937 1611 1966; x_wconf 86' lang='lat' dir='ltr'>decrescere</span> <span class='ocrx_word' id='word_1_513' title='bbox 1639 1937 1771 1973; x_wconf 79' lang='lat' dir='ltr'>debere3</span> <span class='ocrx_word' id='word_1_514' title='bbox 1801 1937 1853 1966; x_wconf 87' lang='lat' dir='ltr'>sed</span> 
     </span>
     <span class='ocr_line' id='line_1_75' title="bbox 1025 1978 1855 2015; baseline -0.002 -5"><span class='ocrx_word' id='word_1_515' title='bbox 1025 1990 1088 2010; x_wconf 88' lang='lat' dir='ltr'>non</span> <span class='ocrx_word' id='word_1_516' title='bbox 1103 1979 1146 2015; x_wconf 68' lang='lat' dir='ltr'>ita</span> <span class='ocrx_word' id='word_1_517' title='bbox 1162 1979 1358 2010; x_wconf 79' lang='lat' dir='ltr'>manifestum</span> <span class='ocrx_word' id='word_1_518' title='bbox 1374 1986 1420 2010; x_wconf 89' lang='lat' dir='ltr'>est</span> <span class='ocrx_word' id='word_1_519' title='bbox 1435 1979 1495 2008; x_wconf 88' lang='lat' dir='ltr'>vim</span> <span class='ocrx_word' id='word_1_520' title='bbox 1518 1979 1676 2008; x_wconf 86' lang='lat' dir='ltr'>metricem</span> <span class='ocrx_word' id='word_1_521' title='bbox 1692 1978 1730 2007; x_wconf 85' lang='lat' dir='ltr'>ad</span> <span class='ocrx_word' id='word_1_522' title='bbox 1747 1979 1855 2008; x_wconf 78' lang='lat' dir='ltr'>datum</span> 
     </span>
     <span class='ocr_line' id='line_1_76' title="bbox 1024 2021 1853 2063; baseline -0.002 -11"><span class='ocrx_word' id='word_1_523' title='bbox 1024 2032 1135 2062; x_wconf 92' lang='lat' dir='ltr'>corpus</span> <span class='ocrx_word' id='word_1_524' title='bbox 1149 2032 1240 2063; x_wconf 83' lang='lat' dir='ltr'>grave</span> <span class='ocrx_word' id='word_1_525' title='bbox 1254 2021 1326 2052; x_wconf 71' lang='lat' dir='ltr'>data</span> <span class='ocrx_word' id='word_1_526' title='bbox 1339 2021 1491 2052; x_wconf 84' lang='lat' dir='ltr'>celeritate</span> <span class='ocrx_word' id='word_1_527' title='bbox 1504 2021 1692 2051; x_wconf 82' lang='lat' dir='ltr'>movendum</span> <span class='ocrx_word' id='word_1_528' title='bbox 1707 2021 1853 2051; x_wconf 85' lang='lat' dir='ltr'>adhiben-</span> 
     </span>
     <span class='ocr_line' id='line_1_77' title="bbox 1024 2063 1854 2102; baseline -0.001 -8"><span class='ocrx_word' id='word_1_529' title='bbox 1024 2065 1106 2101; x_wconf 85' lang='lat' dir='ltr'>dam,</span> <span class='ocrx_word' id='word_1_530' title='bbox 1123 2065 1155 2094; x_wconf 92' lang='lat' dir='ltr'>in</span> <span class='ocrx_word' id='word_1_531' title='bbox 1170 2065 1286 2094; x_wconf 87' lang='lat' dir='ltr'>ratione</span> <span class='ocrx_word' id='word_1_532' title='bbox 1302 2064 1444 2102; x_wconf 83' lang='lat' dir='ltr'>ponderis</span> <span class='ocrx_word' id='word_1_533' title='bbox 1458 2063 1629 2093; x_wconf 75' lang='lat' dir='ltr'>decrescere</span> <span class='ocrx_word' id='word_1_534' title='bbox 1641 2070 1789 2102; x_wconf 85' lang='lat' dir='ltr'>oportere,</span> <span class='ocrx_word' id='word_1_535' title='bbox 1800 2063 1854 2093; x_wconf 87' lang='lat' dir='ltr'>ubi</span> 
     </span>
     <span class='ocr_line' id='line_1_78' title="bbox 1022 2105 1853 2145; baseline -0.001 -9"><span class='ocrx_word' id='word_1_536' title='bbox 1022 2107 1068 2136; x_wconf 83' lang='lat' dir='ltr'>vis</span> <span class='ocrx_word' id='word_1_537' title='bbox 1091 2107 1175 2143; x_wconf 79' lang='lat' dir='ltr'>illius</span> <span class='ocrx_word' id='word_1_538' title='bbox 1199 2106 1334 2136; x_wconf 78' lang='lat' dir='ltr'>metricis</span> <span class='ocrx_word' id='word_1_539' title='bbox 1360 2106 1486 2136; x_wconf 84' lang='lat' dir='ltr'>directio</span> <span class='ocrx_word' id='word_1_540' title='bbox 1511 2105 1667 2145; x_wconf 74' lang='lat' dir='ltr'>gravitatis</span> <span class='ocrx_word' id='word_1_541' title='bbox 1694 2105 1853 2135; x_wconf 86' lang='lat' dir='ltr'>directioni</span> 
     </span>
     <span class='ocr_line' id='line_1_79' title="bbox 1024 2148 1854 2188; baseline -0.002 -9"><span class='ocrx_word' id='word_1_542' title='bbox 1024 2149 1161 2188; x_wconf 72' lang='lat' dir='ltr'>opposita</span> <span class='ocrx_word' id='word_1_543' title='bbox 1176 2159 1239 2179; x_wconf 92' lang='lat' dir='ltr'>non</span> <span class='ocrx_word' id='word_1_544' title='bbox 1253 2154 1308 2182; x_wconf 64' lang='lat' dir='ltr'>est,</span> <span class='ocrx_word' id='word_1_545' title='bbox 1324 2148 1378 2177; x_wconf 85' lang='lat' dir='ltr'>sed</span> <span class='ocrx_word' id='word_1_546' title='bbox 1392 2148 1438 2177; x_wconf 90' lang='lat' dir='ltr'>illi</span> <span class='ocrx_word' id='word_1_547' title='bbox 1450 2148 1708 2186; x_wconf 82' lang='lat' dir='ltr'>perpendicularis</span> <span class='ocrx_word' id='word_1_548' title='bbox 1716 2155 1770 2178; x_wconf 83' lang='lat' dir='ltr'>aut</span> <span class='ocrx_word' id='word_1_549' title='bbox 1782 2158 1854 2178; x_wconf 82' lang='lat' dir='ltr'>cum</span> 
     </span>
     <span class='ocr_line' id='line_1_80' title="bbox 1022 2188 1854 2230; baseline -0.004 -9"><span class='ocrx_word' id='word_1_550' title='bbox 1022 2191 1076 2221; x_wconf 61' lang='lat' dir='ltr'>ina</span> <span class='ocrx_word' id='word_1_551' title='bbox 1090 2191 1275 2230; x_wconf 85' lang='lat' dir='ltr'>conspirans.</span> <span class='ocrx_word' id='word_1_552' title='bbox 1309 2188 1463 2219; x_wconf 82' lang='lat' dir='ltr'>Praeterea</span> <span class='ocrx_word' id='word_1_553' title='bbox 1471 2189 1598 2219; x_wconf 83' lang='lat' dir='ltr'>materia</span> <span class='ocrx_word' id='word_1_554' title='bbox 1612 2190 1712 2219; x_wconf 85' lang='lat' dir='ltr'>omnis</span> <span class='ocrx_word' id='word_1_555' title='bbox 1724 2191 1854 2219; x_wconf 66' lang='lat' dir='ltr'>aetherea</span> 
     </span>
     <span class='ocr_line' id='line_1_81' title="bbox 1027 2232 1852 2272; baseline -0.005 -8"><span class='ocrx_word' id='word_1_556' title='bbox 1027 2234 1108 2264; x_wconf 85' lang='lat' dir='ltr'>circa</span> <span class='ocrx_word' id='word_1_557' title='bbox 1120 2234 1234 2269; x_wconf 89' lang='lat' dir='ltr'>Solem,</span> <span class='ocrx_word' id='word_1_558' title='bbox 1250 2232 1360 2266; x_wconf 85' lang='lat' dir='ltr'>stellas,</span> <span class='ocrx_word' id='word_1_559' title='bbox 1376 2238 1468 2272; x_wconf 87' lang='lat' dir='ltr'>atque</span> <span class='ocrx_word' id='word_1_560' title='bbox 1482 2232 1621 2270; x_wconf 84' lang='lat' dir='ltr'>planetas</span> <span class='ocrx_word' id='word_1_561' title='bbox 1632 2232 1771 2272; x_wconf 86' lang='lat' dir='ltr'>singulos</span> <span class='ocrx_word' id='word_1_562' title='bbox 1786 2242 1852 2270; x_wconf 87' lang='lat' dir='ltr'>per-</span> 
     </span>
     <span class='ocr_line' id='line_1_82' title="bbox 1023 2273 1854 2314; baseline -0.004 -8"><span class='ocrx_word' id='word_1_563' title='bbox 1023 2274 1178 2306; x_wconf 88' lang='lat' dir='ltr'>nicissimo</span> <span class='ocrx_word' id='word_1_564' title='bbox 1189 2282 1276 2305; x_wconf 86' lang='lat' dir='ltr'>motu</span> <span class='ocrx_word' id='word_1_565' title='bbox 1291 2275 1323 2303; x_wconf 90' lang='lat' dir='ltr'>in</span> <span class='ocrx_word' id='word_1_566' title='bbox 1338 2276 1442 2304; x_wconf 79' lang='lat' dir='ltr'>orbem</span> <span class='ocrx_word' id='word_1_567' title='bbox 1457 2280 1525 2303; x_wconf 85' lang='lat' dir='ltr'>acta</span> <span class='ocrx_word' id='word_1_568' title='bbox 1536 2273 1565 2301; x_wconf 83' lang='lat' dir='ltr'>vi</span> <span class='ocrx_word' id='word_1_569' title='bbox 1576 2273 1750 2314; x_wconf 65' lang='lat' dir='ltr'>centril&#39;uga</span> <span class='ocrx_word' id='word_1_570' title='bbox 1759 2274 1854 2312; x_wconf 85' lang='lat' dir='ltr'>pollet</span> 
     </span>
     <span class='ocr_line' id='line_1_83' title="bbox 1022 2316 1856 2358; baseline -0.001 -10"><span class='ocrx_word' id='word_1_571' title='bbox 1022 2318 1084 2358; x_wconf 64' lang='lat' dir='ltr'>qua</span> <span class='ocrx_word' id='word_1_572' title='bbox 1098 2328 1116 2348; x_wconf 80' lang='lat' dir='ltr'>a</span> <span class='ocrx_word' id='word_1_573' title='bbox 1130 2317 1241 2348; x_wconf 84' lang='lat' dir='ltr'>centris</span> <span class='ocrx_word' id='word_1_574' title='bbox 1254 2321 1438 2357; x_wconf 77' lang='lat' dir='ltr'>magnorum</span> <span class='ocrx_word' id='word_1_575' title='bbox 1451 2316 1611 2351; x_wconf 81' lang='lat' dir='ltr'>vorticum,</span> <span class='ocrx_word' id='word_1_576' title='bbox 1627 2323 1719 2356; x_wconf 79' lang='lat' dir='ltr'>atque</span> <span class='ocrx_word' id='word_1_577' title='bbox 1734 2316 1824 2346; x_wconf 88' lang='lat' dir='ltr'>etiam</span> <span class='ocrx_word' id='word_1_578' title='bbox 1836 2327 1856 2347; x_wconf 82' lang='lat' dir='ltr'>a</span> 
     </span>
     <span class='ocr_line' id='line_1_84' title="bbox 1024 2358 1852 2400; baseline -0.004 -10"><span class='ocrx_word' id='word_1_579' title='bbox 1024 2361 1136 2390; x_wconf 81' lang='lat' dir='ltr'>centris</span> <span class='ocrx_word' id='word_1_580' title='bbox 1158 2359 1353 2400; x_wconf 85' lang='lat' dir='ltr'>singulorum</span> <span class='ocrx_word' id='word_1_581' title='bbox 1378 2358 1598 2389; x_wconf 78' lang='lat' dir='ltr'>verticularum</span> <span class='ocrx_word' id='word_1_582' title='bbox 1620 2358 1750 2397; x_wconf 87' lang='lat' dir='ltr'>propriis</span> <span class='ocrx_word' id='word_1_583' title='bbox 1770 2368 1852 2388; x_wconf 81' lang='lat' dir='ltr'>rece-</span> 
     </span>
     <span class='ocr_line' id='line_1_85' title="bbox 1024 2400 1855 2441; baseline -0.005 -8"><span class='ocrx_word' id='word_1_584' title='bbox 1024 2402 1096 2433; x_wconf 87' lang='lat' dir='ltr'>dere</span> <span class='ocrx_word' id='word_1_585' title='bbox 1110 2403 1228 2439; x_wconf 89' lang='lat' dir='ltr'>nititur,</span> <span class='ocrx_word' id='word_1_586' title='bbox 1250 2401 1335 2432; x_wconf 75' lang='lat' dir='ltr'>unde</span> <span class='ocrx_word' id='word_1_587' title='bbox 1349 2408 1529 2431; x_wconf 87' lang='lat' dir='ltr'>caeterorum</span> <span class='ocrx_word' id='word_1_588' title='bbox 1544 2410 1708 2440; x_wconf 86' lang='lat' dir='ltr'>corporum</span> <span class='ocrx_word' id='word_1_589' title='bbox 1723 2400 1855 2441; x_wconf 78' lang='lat' dir='ltr'>gravitas</span> 
     </span>
     <span class='ocr_line' id='line_1_86' title="bbox 1024 2442 1854 2483; baseline -0.004 -8"><span class='ocrx_word' id='word_1_590' title='bbox 1024 2452 1126 2475; x_wconf 85' lang='lat' dir='ltr'>ortum</span> <span class='ocrx_word' id='word_1_591' title='bbox 1141 2446 1232 2474; x_wconf 88' lang='lat' dir='ltr'>habet</span> <span class='ocrx_word' id='word_1_592' title='bbox 1241 2457 1252 2482; x_wconf 82' lang='lat'>3</span> <span class='ocrx_word' id='word_1_593' title='bbox 1277 2451 1310 2474; x_wconf 88' lang='lat' dir='ltr'>at</span> <span class='ocrx_word' id='word_1_594' title='bbox 1323 2444 1368 2473; x_wconf 83' lang='lat' dir='ltr'>vis</span> <span class='ocrx_word' id='word_1_595' title='bbox 1383 2443 1437 2474; x_wconf 85' lang='lat' dir='ltr'>illa</span> <span class='ocrx_word' id='word_1_596' title='bbox 1451 2443 1623 2483; x_wconf 82' lang='lat' dir='ltr'>centrifuga</span> <span class='ocrx_word' id='word_1_597' title='bbox 1637 2453 1707 2482; x_wconf 86' lang='lat' dir='ltr'>quae</span> <span class='ocrx_word' id='word_1_598' title='bbox 1729 2453 1802 2472; x_wconf 90' lang='lat' dir='ltr'>cum</span> <span class='ocrx_word' id='word_1_599' title='bbox 1825 2442 1854 2472; x_wconf 78' lang='lat' dir='ltr'>vi</span> 
     </span>
     <span class='ocr_line' id='line_1_87' title="bbox 1025 2484 1855 2526; baseline -0.005 -8"><span class='ocrx_word' id='word_1_600' title='bbox 1025 2486 1193 2526; x_wconf 63' lang='lat' dir='ltr'>centripeta</span> <span class='ocrx_word' id='word_1_601' title='bbox 1215 2497 1271 2517; x_wconf 85' lang='lat' dir='ltr'>seu</span> <span class='ocrx_word' id='word_1_602' title='bbox 1298 2486 1447 2526; x_wconf 81' lang='lat' dir='ltr'>gravitate</span> <span class='ocrx_word' id='word_1_603' title='bbox 1474 2484 1606 2515; x_wconf 72' lang='lat' dir='ltr'>conferri</span> <span class='ocrx_word' id='word_1_604' title='bbox 1635 2491 1744 2524; x_wconf 80' lang='lat' dir='ltr'>potest,</span> <span class='ocrx_word' id='word_1_605' title='bbox 1771 2485 1855 2515; x_wconf 87' lang='lat' dir='ltr'>idem</span> 
     </span>
    </p>
   </div>
   <div class='ocr_carea' id='block_1_6' title="bbox 1006 2526 1855 2570">
    <p class='ocr_par' dir='ltr' id='par_1_7' title="bbox 1006 2526 1855 2570">
     <span class='ocr_line' id='line_1_88' title="bbox 1006 2526 1855 2570; baseline -0.006 -9"><span class='ocrx_word' id='word_1_606' title='bbox 1006 2526 1166 2570; x_wconf 81' lang='lat' dir='ltr'>‘praestare</span> <span class='ocrx_word' id='word_1_607' title='bbox 1180 2529 1213 2559; x_wconf 91' lang='lat' dir='ltr'>in</span> <span class='ocrx_word' id='word_1_608' title='bbox 1227 2530 1339 2559; x_wconf 68' lang='lat' dir='ltr'>a’there</span> <span class='ocrx_word' id='word_1_609' title='bbox 1354 2528 1444 2559; x_wconf 81' lang='lat' dir='ltr'>debet</span> <span class='ocrx_word' id='word_1_610' title='bbox 1464 2527 1582 2558; x_wconf 86' lang='lat' dir='ltr'>ratione</span> <span class='ocrx_word' id='word_1_611' title='bbox 1606 2527 1710 2557; x_wconf 71' lang='lat' dir='ltr'>motus</span> <span class='ocrx_word' id='word_1_612' title='bbox 1728 2529 1763 2557; x_wconf 89' lang='lat' dir='ltr'>in</span> <span class='ocrx_word' id='word_1_613' title='bbox 1782 2527 1855 2557; x_wconf 67' lang='lat' dir='ltr'>data</span> 
     </span>
    </p>
   </div>
   <div class='ocr_carea' id='block_1_7' title="bbox 1025 2569 1906 3124">
    <p class='ocr_par' dir='ltr' id='par_1_8' title="bbox 1025 2569 1906 3124">
     <span class='ocr_line' id='line_1_89' title="bbox 1025 2569 1853 2611; baseline -0.005 -8"><span class='ocrx_word' id='word_1_614' title='bbox 1025 2573 1162 2603; x_wconf 71' lang='lat' dir='ltr'>materia&gt;</span> <span class='ocrx_word' id='word_1_615' title='bbox 1185 2572 1354 2611; x_wconf 85' lang='lat' dir='ltr'>quantitate</span> <span class='ocrx_word' id='word_1_616' title='bbox 1368 2570 1440 2601; x_wconf 67' lang='lat' dir='ltr'>data</span> <span class='ocrx_word' id='word_1_617' title='bbox 1453 2571 1483 2600; x_wconf 86' lang='lat' dir='ltr'>vi</span> <span class='ocrx_word' id='word_1_618' title='bbox 1497 2569 1624 2601; x_wconf 86' lang='lat' dir='ltr'>motrice</span> <span class='ocrx_word' id='word_1_619' title='bbox 1645 2569 1853 2608; x_wconf 82' lang='lat' dir='ltr'>imprimendi,</span> 
     </span>
     <span class='ocr_line' id='line_1_90' title="bbox 1025 2612 1851 2656; baseline -0.005 -11"><span class='ocrx_word' id='word_1_620' title='bbox 1025 2615 1111 2656; x_wconf 86' lang='lat' dir='ltr'>quod</span> <span class='ocrx_word' id='word_1_621' title='bbox 1139 2615 1171 2644; x_wconf 91' lang='lat' dir='ltr'>in</span> <span class='ocrx_word' id='word_1_622' title='bbox 1200 2614 1317 2644; x_wconf 76' lang='lat' dir='ltr'>caeteris</span> <span class='ocrx_word' id='word_1_623' title='bbox 1347 2613 1525 2653; x_wconf 88' lang='lat' dir='ltr'>corporibus</span> <span class='ocrx_word' id='word_1_624' title='bbox 1556 2612 1689 2653; x_wconf 74' lang='lat' dir='ltr'>gravitas</span> <span class='ocrx_word' id='word_1_625' title='bbox 1718 2618 1851 2651; x_wconf 81' lang='lat' dir='ltr'>praestat.</span> 
     </span>
     <span class='ocr_line' id='line_1_91' title="bbox 1028 2657 1856 2698; baseline -0.006 -9"><span class='ocrx_word' id='word_1_626' title='bbox 1028 2658 1127 2689; x_wconf 83' lang='lat' dir='ltr'>Nulla</span> <span class='ocrx_word' id='word_1_627' title='bbox 1140 2657 1235 2698; x_wconf 84' lang='lat' dir='ltr'>igitur</span> <span class='ocrx_word' id='word_1_628' title='bbox 1249 2667 1314 2687; x_wconf 78' lang='lat' dir='ltr'>esse</span> <span class='ocrx_word' id='word_1_629' title='bbox 1327 2657 1405 2686; x_wconf 85' lang='lat' dir='ltr'>ratio</span> <span class='ocrx_word' id='word_1_630' title='bbox 1419 2657 1540 2686; x_wconf 79' lang='lat' dir='ltr'>videtur</span> <span class='ocrx_word' id='word_1_631' title='bbox 1554 2665 1610 2685; x_wconf 91' lang='lat' dir='ltr'>cur</span> <span class='ocrx_word' id='word_1_632' title='bbox 1630 2664 1742 2694; x_wconf 87' lang='lat' dir='ltr'>corpus</span> <span class='ocrx_word' id='word_1_633' title='bbox 1761 2664 1856 2695; x_wconf 84' lang='lat' dir='ltr'>grave</span> 
     </span>
     <span class='ocr_line' id='line_1_92' title="bbox 1026 2697 1855 2731; baseline -0.006 0"><span class='ocrx_word' id='word_1_634' title='bbox 1026 2699 1099 2731; x_wconf 69' lang='lat' dir='ltr'>data</span> <span class='ocrx_word' id='word_1_635' title='bbox 1113 2700 1266 2730; x_wconf 87' lang='lat' dir='ltr'>celeritate</span> <span class='ocrx_word' id='word_1_636' title='bbox 1279 2706 1400 2729; x_wconf 88' lang='lat' dir='ltr'>motum</span> <span class='ocrx_word' id='word_1_637' title='bbox 1412 2697 1535 2729; x_wconf 86' lang='lat' dir='ltr'>nonnisi</span> <span class='ocrx_word' id='word_1_638' title='bbox 1546 2697 1774 2728; x_wconf 81' lang='lat' dir='ltr'>infinitesimam</span> <span class='ocrx_word' id='word_1_639' title='bbox 1790 2707 1855 2726; x_wconf 85' lang='lat' dir='ltr'>suae</span> 
     </span>
     <span class='ocr_line' id='line_1_93' title="bbox 1026 2739 1857 2781; baseline -0.006 -8"><span class='ocrx_word' id='word_1_640' title='bbox 1026 2742 1187 2774; x_wconf 81' lang='lat' dir='ltr'>celeritatis</span> <span class='ocrx_word' id='word_1_641' title='bbox 1210 2741 1393 2781; x_wconf 82' lang='lat' dir='ltr'>particulam</span> <span class='ocrx_word' id='word_1_642' title='bbox 1415 2751 1453 2771; x_wconf 90' lang='lat' dir='ltr'>ex</span> <span class='ocrx_word' id='word_1_643' title='bbox 1475 2739 1595 2771; x_wconf 81' lang='lat' dir='ltr'>aetheris</span> <span class='ocrx_word' id='word_1_644' title='bbox 1609 2749 1672 2769; x_wconf 88' lang='lat' dir='ltr'>non</span> <span class='ocrx_word' id='word_1_645' title='bbox 1693 2740 1795 2780; x_wconf 81' lang='lat' dir='ltr'>gravis</span> <span class='ocrx_word' id='word_1_646' title='bbox 1807 2749 1857 2769; x_wconf 83' lang='lat' dir='ltr'>re-</span> 
     </span>
     <span class='ocr_line' id='line_1_94' title="bbox 1026 2781 1858 2825; baseline -0.006 -9"><span class='ocrx_word' id='word_1_647' title='bbox 1026 2784 1164 2825; x_wconf 68' lang='lat' dir='ltr'>sistentia</span> <span class='ocrx_word' id='word_1_648' title='bbox 1189 2785 1316 2819; x_wconf 73' lang='lat' dir='ltr'>amittat,</span> <span class='ocrx_word' id='word_1_649' title='bbox 1348 2783 1498 2823; x_wconf 91' lang='lat' dir='ltr'>siquidem</span> <span class='ocrx_word' id='word_1_650' title='bbox 1524 2782 1603 2812; x_wconf 88' lang='lat' dir='ltr'>illud</span> <span class='ocrx_word' id='word_1_651' title='bbox 1626 2782 1655 2811; x_wconf 87' lang='lat' dir='ltr'>vi</span> <span class='ocrx_word' id='word_1_652' title='bbox 1683 2781 1858 2822; x_wconf 72' lang='lat' dir='ltr'>centrifugii</span> 
     </span>
     <span class='ocr_line' id='line_1_95' title="bbox 1027 2824 1857 2868; baseline -0.005 -10"><span class='ocrx_word' id='word_1_653' title='bbox 1027 2827 1142 2868; x_wconf 89' lang='lat' dir='ltr'>pollet;</span> <span class='ocrx_word' id='word_1_654' title='bbox 1168 2833 1209 2864; x_wconf 80' lang='lat' dir='ltr'>et,</span> <span class='ocrx_word' id='word_1_655' title='bbox 1236 2826 1261 2856; x_wconf 86' lang='lat' dir='ltr'>si</span> <span class='ocrx_word' id='word_1_656' title='bbox 1282 2827 1409 2856; x_wconf 86' lang='lat' dir='ltr'>materia</span> <span class='ocrx_word' id='word_1_657' title='bbox 1423 2827 1554 2856; x_wconf 80' lang='lat' dir='ltr'>aetherea</span> <span class='ocrx_word' id='word_1_658' title='bbox 1568 2824 1624 2855; x_wconf 66' lang='lat' dir='ltr'>sua</span> <span class='ocrx_word' id='word_1_659' title='bbox 1639 2824 1667 2854; x_wconf 75' lang='lat' dir='ltr'>vi</span> <span class='ocrx_word' id='word_1_660' title='bbox 1682 2824 1857 2865; x_wconf 69' lang='lat' dir='ltr'>centrifugi</span> 
     </span>
     <span class='ocr_line' id='line_1_96' title="bbox 1028 2867 1906 2908; baseline -0.005 -8"><span class='ocrx_word' id='word_1_661' title='bbox 1028 2870 1077 2900; x_wconf 78' lang='lat' dir='ltr'>vel</span> <span class='ocrx_word' id='word_1_662' title='bbox 1092 2869 1172 2900; x_wconf 74' lang='lat' dir='ltr'>certe</span> <span class='ocrx_word' id='word_1_663' title='bbox 1186 2869 1215 2898; x_wconf 90' lang='lat' dir='ltr'>vi</span> <span class='ocrx_word' id='word_1_664' title='bbox 1235 2868 1307 2899; x_wconf 77' lang='lat' dir='ltr'>inde</span> <span class='ocrx_word' id='word_1_665' title='bbox 1322 2867 1389 2898; x_wconf 67' lang='lat' dir='ltr'>orta</span> <span class='ocrx_word' id='word_1_666' title='bbox 1403 2877 1566 2907; x_wconf 86' lang='lat' dir='ltr'>corporum</span> <span class='ocrx_word' id='word_1_667' title='bbox 1587 2867 1765 2908; x_wconf 85' lang='lat' dir='ltr'>gravitatem</span> <span class='ocrx_word' id='word_1_668' title='bbox 1787 2877 1857 2906; x_wconf 80' lang='lat' dir='ltr'>pro·</span> <span class='ocrx_word' id='word_1_669' title='bbox 1902 2886 1906 2889; x_wconf 87' lang='lat'><em>-</em></span> 
     </span>
     <span class='ocr_line' id='line_1_97' title="bbox 1029 2909 1858 2951; baseline -0.005 -8"><span class='ocrx_word' id='word_1_670' title='bbox 1029 2912 1132 2949; x_wconf 84' lang='lat' dir='ltr'>ducat,</span> <span class='ocrx_word' id='word_1_671' title='bbox 1162 2921 1329 2951; x_wconf 88' lang='lat' dir='ltr'>eorumque</span> <span class='ocrx_word' id='word_1_672' title='bbox 1357 2916 1478 2940; x_wconf 83' lang='lat' dir='ltr'>motum</span> <span class='ocrx_word' id='word_1_673' title='bbox 1507 2910 1630 2940; x_wconf 83' lang='lat' dir='ltr'>finitum</span> <span class='ocrx_word' id='word_1_674' title='bbox 1656 2909 1803 2940; x_wconf 82' lang='lat' dir='ltr'>acceleret</span> <span class='ocrx_word' id='word_1_675' title='bbox 1826 2916 1858 2939; x_wconf 89' lang='lat' dir='ltr'>et</span> 
     </span>
     <span class='ocr_line' id='line_1_98' title="bbox 1030 2951 1858 2995; baseline -0.005 -10"><span class='ocrx_word' id='word_1_676' title='bbox 1030 2956 1192 2995; x_wconf 84' lang='lat' dir='ltr'>extinguat</span> <span class='ocrx_word' id='word_1_677' title='bbox 1216 2953 1304 2983; x_wconf 80' lang='lat' dir='ltr'>finito</span> <span class='ocrx_word' id='word_1_678' title='bbox 1329 2959 1477 2992; x_wconf 84' lang='lat' dir='ltr'>tempore,</span> <span class='ocrx_word' id='word_1_679' title='bbox 1503 2952 1605 2984; x_wconf 75' lang='lat' dir='ltr'>multo</span> <span class='ocrx_word' id='word_1_680' title='bbox 1626 2953 1726 2994; x_wconf 86' lang='lat' dir='ltr'>magis</span> <span class='ocrx_word' id='word_1_681' title='bbox 1750 2951 1858 2982; x_wconf 84' lang='lat' dir='ltr'>eadem</span> 
     </span>
     <span class='ocr_line' id='line_1_99' title="bbox 1029 2994 1859 3036; baseline -0.005 -9"><span class='ocrx_word' id='word_1_682' title='bbox 1029 2997 1157 3027; x_wconf 84' lang='lat' dir='ltr'>materia</span> <span class='ocrx_word' id='word_1_683' title='bbox 1179 3005 1289 3034; x_wconf 85' lang='lat' dir='ltr'>eorpus</span> <span class='ocrx_word' id='word_1_684' title='bbox 1314 3005 1406 3036; x_wconf 87' lang='lat' dir='ltr'>grave</span> <span class='ocrx_word' id='word_1_685' title='bbox 1426 3005 1558 3030; x_wconf 83' lang='lat' dir='ltr'>movere,</span> <span class='ocrx_word' id='word_1_686' title='bbox 1583 3001 1638 3026; x_wconf 83' lang='lat' dir='ltr'>aut</span> <span class='ocrx_word' id='word_1_687' title='bbox 1651 3002 1771 3026; x_wconf 84' lang='lat' dir='ltr'>motum</span> <span class='ocrx_word' id='word_1_688' title='bbox 1792 2994 1859 3034; x_wconf 86' lang='lat' dir='ltr'>ejus</span> 
     </span>
     <span class='ocr_line' id='line_1_100' title="bbox 1032 3036 1860 3079; baseline -0.002 -10"><span class='ocrx_word' id='word_1_689' title='bbox 1032 3040 1121 3070; x_wconf 86' lang='lat' dir='ltr'>finito</span> <span class='ocrx_word' id='word_1_690' title='bbox 1132 3045 1268 3077; x_wconf 88' lang='lat' dir='ltr'>tempore</span> <span class='ocrx_word' id='word_1_691' title='bbox 1274 3038 1454 3079; x_wconf 85' lang='lat' dir='ltr'>extinguere</span> <span class='ocrx_word' id='word_1_692' title='bbox 1465 3037 1565 3075; x_wconf 88' lang='lat' dir='ltr'>debet,</span> <span class='ocrx_word' id='word_1_693' title='bbox 1572 3038 1597 3068; x_wconf 87' lang='lat' dir='ltr'>si</span> <span class='ocrx_word' id='word_1_694' title='bbox 1604 3036 1692 3068; x_wconf 69' lang='lat' dir='ltr'>finita</span> <span class='ocrx_word' id='word_1_695' title='bbox 1699 3037 1860 3068; x_wconf 74' lang='lat' dir='ltr'>velocitate</span> 
     </span>
     <span class='ocr_line' id='line_1_101' title="bbox 1034 3079 1861 3124; baseline -0.002 -12"><span class='ocrx_word' id='word_1_696' title='bbox 1034 3081 1068 3112; x_wconf 84' lang='lat' dir='ltr'>in</span> <span class='ocrx_word' id='word_1_697' title='bbox 1079 3081 1158 3113; x_wconf 84' lang='lat' dir='ltr'>illud</span> <span class='ocrx_word' id='word_1_698' title='bbox 1172 3081 1306 3113; x_wconf 85' lang='lat' dir='ltr'>incurrat</span> <span class='ocrx_word' id='word_1_699' title='bbox 1317 3090 1353 3113; x_wconf 84' lang='lat' dir='ltr'>ac</span> <span class='ocrx_word' id='word_1_700' title='bbox 1361 3080 1509 3124; x_wconf 77' lang='lat' dir='ltr'>continuo</span> <span class='ocrx_word' id='word_1_701' title='bbox 1517 3086 1635 3122; x_wconf 79' lang='lat' dir='ltr'>urgeat,</span> <span class='ocrx_word' id='word_1_702' title='bbox 1651 3090 1723 3113; x_wconf 87' lang='lat' dir='ltr'>cum</span> <span class='ocrx_word' id='word_1_703' title='bbox 1734 3079 1779 3111; x_wconf 81' lang='lat' dir='ltr'>vis</span> <span class='ocrx_word' id='word_1_704' title='bbox 1789 3088 1861 3111; x_wconf 76' lang='lat' dir='ltr'>cen-</span> 
     </span>
    </p>
   </div>
   <div class='ocr_carea' id='block_1_8' title="bbox 968 3138 1043 3171">
    <p class='ocr_par' dir='ltr' id='par_1_9' title="bbox 968 3138 1043 3171">
     <span class='ocr_line' id='line_1_102' title="bbox 968 3138 1043 3171; baseline 0.013 -1"><span class='ocrx_word' id='word_1_705' title='bbox 968 3138 1043 3171; x_wconf 73' lang='lat' dir='ltr'>M4</span> 
     </span>
    </p>
   </div>
  </div>
 </body>
</html>
