2066 3548
166 241 313 283 Luam
334 242 554 294 Sncumnj
594 240 915 284 PRINCIPIA
947 238 1440 282 MATHEMATICA.
1779 244 1870 280 ¹195

167 361 211 395 ut
228 352 500 395 reflexionum
536 352 944 408 correspondentiam
972 352 1135 392 numeri
1163 359 1207 392 et
1234 351 1341 392 vires
1371 351 1636 406 conjunctim.
1668 389 1673 392 .
1697 351 1874 392 Numeri

164 434 300 468 autem
329 427 601 468 reflexionum
630 433 725 468 sunt
743 425 798 466 ad
817 425 992 476 invicem
1011 433 1058 465 ut
1078 423 1310 465 velocitates
1338 423 1519 477 partium
1548 421 1872 476 corresponden-

165 497 266 539 tium
285 496 454 548 directe,
476 505 518 539 et
537 497 669 552 spatia
687 497 796 537 inter
815 510 959 536 earum
978 494 1222 536 reflexiones
1242 492 1416 534 inverse.
1477 493 1536 534 Et
1553 492 1661 533 vires
1681 492 1872 533 reflexio-

161 582 261 608 num
283 576 380 610 sunt
397 576 445 610 ut
463 558 697 610 velocitates
717 575 759 608 et
777 566 1083 624 magnitudines
1102 573 1145 607 et
1164 565 1388 607 densitates
1416 565 1599 619 partium
1626 578 1872 619 correspon—

160 639 347 681 dentium
358 640 608 695 conjunctim
619 654 631 688 3
653 639 696 680 id
711 647 786 690 est,
808 647 855 680 ut
868 639 1102 680 velocitates
1114 646 1157 680 et
1170 626 1468 680 diametrorum
1482 627 1580 692 cubi
1594 645 1636 679 et
1647 636 1871 678 densitates

159 713 352 766 partium.
414 713 471 754 Et
490 712 718 768 conjunctis
738 712 803 753 his
824 713 1014 754 omnibus
1034 711 1276 762 rationibus,
1307 711 1552 752 resistentiae
1581 710 1761 765 partium
1781 723 1873 750 cor-

158 783 497 838 respondentiam
530 790 627 824 sunt
664 783 719 824 ad
756 782 931 824 invicem
971 791 1019 824 ut
1057 782 1259 838 quadrata
1291 781 1555 823 velocitatum
1593 788 1636 822 et
1673 780 1874 836 quadrata

159 855 455 897 diametrorum
474 862 516 897 et
534 855 757 898 densitates
776 856 957 911 partium
975 856 1240 912 conjunctim.
1299 855 1355 905 Q.
1377 870 1412 896 e.
1433 855 1476 896 d.
1827 892 1831 900 .

218 931 349 972 Corol.
369 936 406 971 1.
469 930 604 987 Igitur
631 930 666 971 si
695 937 916 986 systemata
944 929 1017 971 illa
1046 930 1129 971 sint
1156 928 1285 970 fluida
1310 928 1396 969 duo
1425 928 1591 969 elastica
1620 928 1675 969 ad
1702 928 1873 970 modum

158 1001 277 1050 a'eriS‚
313 997 354 1042 et
381 1008 519 1055 partes
550 1015 693 1042 eorum
723 1001 936 1056 quiescant
964 1000 1073 1041 inter
1093 1015 1159 1041 se:
1191 1013 1372 1054 corpora
1390 1007 1530 1040 autem
1550 999 1636 1040 duo
1656 999 1805 1041 similia
1833 1008 1875 1041 et

157 1072 344 1127 partibus
371 1071 596 1112 fluidorum
626 1071 763 1127 quoad
791 1071 1119 1128 magnitudinem
1140 1078 1182 1111 et
1201 1070 1444 1111 densitatem
1464 1070 1802 1125 proportionalia,
1834 1079 1876 1112 et

158 1142 267 1183 inter
291 1149 430 1197 partes
457 1140 549 1182 illas
579 1140 764 1182 similiter
790 1141 939 1195 posita,
973 1139 1202 1181 secundum
1230 1139 1359 1180 lineas
1395 1140 1582 1181 similiter
1608 1140 1777 1195 positas,
1809 1150 1874 1182 ut-

156 1228 318 1269 cunque
331 1212 620 1268 projiciantur3
641 1213 748 1254 vires
762 1221 901 1254 autem
915 1212 1232 1262 acceleratriceS,
1255 1212 1405 1267 quibus
1418 1201 1634 1267 particulae
1647 1213 1874 1254 fluidorum

158 1299 202 1325 se
221 1291 371 1324 mutuo
391 1283 562 1340 agitant,
585 1283 667 1324 sint
686 1290 733 1324 ut
752 1297 975 1338 corporum
994 1284 1275 1338 projectorum
1294 1282 1486 1324 diametri
1505 1283 1681 1334 inverse,
1713 1292 1755 1325 et
1773 1299 1874 1339 qua-

157 1355 277 1396 drata
295 1355 559 1396 velocitatum
578 1355 758 1396 directe:
780 1370 956 1410 corpora
969 1355 1041 1396 illa
1053 1355 1309 1410 temporibus
1322 1356 1704 1411 proportionalibus
1720 1357 1873 1398 similes

158 1427 399 1469 excitabunt
418 1434 554 1468 motus
574 1427 618 1468 in
636 1427 789 1478 fluidis,
821 1436 862 1470 et
882 1428 1013 1482 spatia
1041 1427 1190 1469 similia
1208 1443 1257 1469 ac
1276 1428 1485 1470 diametris
1514 1430 1599 1471 suis
1629 1430 1676 1484 (⁰)
1697 1444 1873 1484 propor-

159 1498 331 1539 tionalia
350 1498 596 1541 describent.

220 1572 352 1613 Corol.
374 1577 414 1613 2.
476 1572 660 1632 Proinde
680 1572 723 1614 in
743 1573 889 1615 eodem
908 1574 1040 1616 fluido
1068 1576 1287 1631 projectile
1314 1575 1439 1620 ,velox
1468 1576 1742 1617 resistentiam
1765 1575 1873 1631 pati-

156 1647 237 1692 tur,
260 1657 353 1697 quae
374 1650 437 1684 est
454 1642 499 1684 in
518 1643 725 1698 duplicata
747 1645 906 1686 ratione
924 1645 1151 1687 velocitatis
1172 1645 1296 1702 quam
1314 1645 1516 1701 proxime.
1573 1646 1685 1687 Nam
1700 1646 1736 1687 si
1750 1644 1870 1696 vires,

161 1712 309 1768 quibus
337 1714 551 1768 particulae
579 1714 777 1756 distantes
799 1731 842 1757 se
861 1723 1007 1757 mutuo
1027 1717 1196 1774 agitant,
1227 1725 1479 1774 augerentur
1507 1718 1551 1758 in
1578 1716 1786 1772 duplicata
1806 1732 1873 1758 ra—

159 1783 272 1824 tiorie
292 1783 529 1836 velocitatis,
563 1785 614 1840 (¹²)
636 1786 865 1827 resistentia
883 1786 990 1828 foret
1008 1788 1052 1828 in
1072 1787 1216 1829 eadem
1238 1788 1397 1830 ratione
1426 1787 1636 1842 duplicata
1657 1788 1847 1830 accurate
1858 1805 1871 1839 ;

159 1859 209 1914 (Β)
228 1858 405 1915 ideoque
424 1860 468 1900 in
487 1860 638 1912 medio,
670 1862 786 1916 cujus
805 1869 944 1916 partes
965 1862 1018 1903 ab
1038 1862 1215 1904 invicem
1234 1862 1433 1904 distantes
1454 1878 1544 1905 sese
1572 1863 1728 1904 viribus
1747 1863 1871 1904 nullis

157 1930 326 1987 agitant,
360 1931 590 1974 resistentia
617 1941 679 1975 est
707 1934 752 1974 in
781 1934 990 1989 duplicata
1019 1935 1180 1977 ratione
1208 1935 1436 1978 velocitatis
1471 1936 1675 1979 accurate.
1738 1937 1871 1978 Sunto

156 2000 284 2056 igitur
302 2000 438 2041 media
455 2001 535 2042 tria
554 2002 608 2051 A,
624 2002 683 2052 ·B‚
709 2003 745 2044 C
766 2017 818 2044 ex
838 2004 1025 2058 partibus
1053 2005 1252 2046 similibus
1273 2013 1315 2047 et
1334 2006 1561 2062 aequalibus
1581 2015 1622 2048 et
1643 2006 1870 2048 secundum

156 2072 366 2113 distantias
387 2072 565 2127 aequales
585 2074 830 2130 regulariter
859 2076 1068 2131 dispositis
1089 2079 1328 2120 constantia.
1356 2111 1358 2115 ,
1390 2080 1536 2121 Partes
1564 2080 1796 2121 mediorum
1827 2082 1869 2120 A

156 2144 256 2186 et‘B
276 2141 439 2201 fugiant
459 2159 503 2186 se
522 2154 669 2187 mutuo
687 2147 844 2188 viribus
865 2163 959 2203 quae
979 2149 1061 2190 sint
1080 2149 1132 2190 ad
1152 2150 1330 2192 invicem
1348 2159 1395 2192 ut
1422 2151 1465 2192 T
1484 2159 1526 2192 et
1546 2151 1600 2201 V,
1631 2151 1713 2193 illae
1742 2150 1869 2192 medii

158 2214 195 2256 C
215 2214 416 2270 ejusmodi
435 2214 590 2257 viribus
610 2216 781 2258 omnino
804 2217 1091 2261 destituantur.
1153 2220 1209 2261 Et
1230 2220 1264 2261 si
1284 2235 1461 2275 corpora
1490 2229 1666 2277 quatuor
1694 2221 1870 2276 aequalia

154 2286 213 2337 D,
237 2286 288 2336 E,
313 2286 361 2337 F,
385 2287 428 2330 G
456 2287 500 2328 in
528 2287 594 2329 his
623 2288 771 2330 mediis
791 2298 1048 2341 moveantur,
1084 2291 1225 2346 priora
1253 2291 1338 2332 duo
1370 2292 1415 2333 D
1447 2299 1489 2333 et
1520 2292 1559 2333 E
1587 2293 1631 2333 in
1659 2291 1867 2347 prioribus

154 2427 188 2458 in
209 2430 385 2462 occursibus
408 2432 441 2462 ia
455 2437 508 2469 est,
531 2438 569 2464 ut
589 2433 756 2464 velocitates
777 2439 807 2465 et
828 2435 991 2465 diametm-

155 2482 230 2503 rum
240 2474 311 2504 cubi
320 2480 348 2504 et
359 2475 518 2506 densitates
528 2477 672 2514 partium
680 2478 988 2516 corres1wndentium.

155 2515 202 2545 Et
217 2515 386 2556 conjunctis
399 2518 445 2547 his
460 2519 599 2549 mnibus
612 2519 790 2556 rationibus,
805 2519 862 2549 ἃς.

197 2555 245 2604 ,(0)
277 2559 298 2591 ⁷¹⁸.
325 2560 570 2598 Proponionalia
606 2562 782 2594 describent.
841 2561 994 2592 Probatur

150 2607 240 2629 euim
267 2605 304 2629 ut
331 2600 364 2629 in
392 2600 474 2631 dem.
506 2602 599 2641 Prop.
634 2602 795 2633 XXXII.
829 2603 993 2634 Lemmate

159 2640 254 2680 (189)
277 2641 391 2672 similes
403 2643 555 2674 similium
569 2644 743 2685 figurarum
758 2651 860 2685 partes
873 2652 993 2685 tempo-

156 2682 243 2712 ribus
262 2684 538 2722 proportionalibus
551 2697 571 2716 ει
585 2688 767 2726 corporibus
792 2687 854 2717 illis
874 2698 995 2727 semper

157 2724 296 2755 describi.
334 2726 428 2758 Unde
441 2728 651 2759 Corollarium
667 2730 726 2760 hoc
741 2735 824 2769 patet
836 2731 905 2772 (per
918 2731 989 2761 Cor.

161 2770 189 2796 1.
208 2772 240 2796 et
254 2771 284 2797 2.
304 2767 396 2807 Prop.
416 2770 612 2811 xxxa).

201 2808 245 2861 (ἶ)
262 2811 279 2828 '
298 2812 567 2854 Resisteritiasoret
585 2816 620 2845 in
635 2812 737 2845 eadem
757 2815 875 2845 ratione
889 2816 996 2854 dupli-

159 2857 231 2882 cata
246 2851 400 2883 accurate.
447 2855 530 2885 Nam
545 2855 571 2886 si
586 2856 670 2886 idem
685 2866 796 2894 corpus
818 2854 902 2887 varia
922 2867 996 2887 cum

160 2893 320 2923 velocitate
335 2893 367 2923 in
382 2904 448 2926 uno
468 2896 639 2939 eodemque
660 2897 758 2928 fluido
771 2897 911 2928 similiter
924 2908 994 2937 pro-

152 2935 287 2976 jiciatur,
312 2935 429 2966 eaedem
452 2946 525 2972 sunt
546 2941 735 2977 resistentiae‚
763 2950 799 2970 ac
821 2941 847 2970 si
871 2950 997 2980 corpora

156 2977 222 3008 duo
238 2977 350 3010 similia
364 2984 396 3008 et.
416 2980 546 3020 aequalia
559 2981 700 3012 similiter
720 2982 943 3023 projicerentur
962 2984 996 3013 in

155 3019 278 3050 duobus
293 3019 396 3050 fluidis
409 3022 502 3059 priori
515 3024 644 3055 omnino
658 3025 786 3063 paribus
794 3037 804 3062 ;
822 3021 877 3055 sed
890 3026 924 3055 in
934 3026 995 3056 hoc

155 3071 239 3101 essu,
268 3063 309 3093 ob
337 3063 470 3103 aequal·-
493 3064 573 3096 inter
597 3076 630 3097 se
652 3066 790 3106 partium
816 3077 993 3108 correspon-

1034 2434 1174 2465 dentium
1189 2434 1354 2466 diametros
1367 2440 1399 2466 et
1412 2435 1586 2472 densitates,
1603 2435 1780 2467 resistentia·
1794 2441 1869 2467 sunt

1034 2477 1067 2506 in
1089 2476 1247 2516 duplicata
1271 2478 1390 2508 ratione
1412 2478 1607 2509 velocimtum
1631 2477 1773 2509 accurate
1799 2481 1868 2519 (per

1035 2520 1132 2592 ἕως».
1160 2520 1342 2551 XXXIII.
1371 2526 1403 2551 et
1430 2521 1497 2561 ejus
1528 2521 1630 2552 Corol.
1661 2521 1718 2560 1.).
1766 2520 1865 2562 Ergo,

1064 2572 1090 2592 c.

1079 2604 1126 2645 (θ)
1142 2605 1160 2624 ⁶
1180 2605 1307 2646 Ide6que
1320 2607 1355 2636 in
1368 2607 1475 2641 medio,
1491 2606 1546 2636 διο.
1589 2605 1632 2635 In
1651 2604 1753 2636 medio
1778 2607 1868 2647 cujus

1035 2653 1137 2685 partes
1151 2648 1190 2677 ab
1204 2648 1336 2678 invicem
1350 2648 1498 2678 distantes
1519 2658 1584 2678 sese
1601 2647 1720 2678 viribus
1739 2649 1867 2687 quibus-

1035 2699 1169 2729 cumque
1183 2690 1215 2719 in
1231 2690 1348 2720 ratione
1363 2690 1530 2721 velocitatis
1540 2689 1697 2728 duplicata
1707 2692 1867 2721 crescenti.

1035 2732 1094 2762 bus
1107 2731 1235 2772 agitant,
1252 2732 1421 2762 resistentia
1437 2734 1488 2773 (ex
1504 2731 1597 2763 mod&
1611 2732 1711 2772 dem.)
1728 2740 1773 2764 est
1787 2743 1868 2763 sem-

1035 2783 1090 2813 per
1103 2774 1136 2804 in
1152 2773 1261 2804 eadem
1286 2774 1404 2805 ratione
1428 2774 1602 2813 duplicat&
1629 2774 1724 2814 quare
1743 2776 1769 2806 si
1790 2776 1869 2806 vires

1037 2815 1099 2846 illae
1113 2816 1224 2856 quibus
1238 2816 1397 2855 particulae
1418 2827 1483 2846 sese
1503 2817 1629 2857 agitant,
1657 2824 1870 2857 supponantur

1037 2857 1131 2898 quim
1155 2858 1303 2894 minimae,
1332 2858 1468 2889 manebit
1492 2869 1613 2898 semper
1640 2860 1810 2891 resistentia
1833 2860 1867 2891 in

1037 2900 1155 2930 ratione
1166 2900 1333 2930 velocitatis
1344 2899 1499 2940 duplicata
1513 2901 1654 2932 accurate
1665 2914 1675 2939 3
1687 2910 1870 2934 evanescant

1039 2943 1164 2973 tandem
1186 2943 1249 2972 illae
1271 2943 1357 2979 vireS,
1381 2949 1487 2973 manet
1506 2944 1676 2974 resistentia
1696 2945 1730 2974 in
1750 2945 1869 2976 ratione

1038 2984 1207 3018 velocitatis
1227 2984 1400 3022 duplicata;
1429 2985 1483 3015 sed
1497 2985 1579 3016 idem
1593 2987 1706 3017 melius
1719 2994 1802 3027 patet
1815 2998 1870 3027 per

1036 3027 1205 3060 secundam
1221 3034 1337 3064 panem
1353 3026 1621 3061 demonstrationis
1646 3029 1869 3069 Propositionis

1035 3069 1130 3110 hujus
1146 3066 1328 3100 XXXIII.

979 3123 1049 3154 ΝΞ
