<?xml version="1.0" encoding="UTF-8"?>
<!DOCTYPE html PUBLIC "-//W3C//DTD XHTML 1.0 Transitional//EN"
    "http://www.w3.org/TR/xhtml1/DTD/xhtml1-transitional.dtd">
<html xmlns="http://www.w3.org/1999/xhtml" xml:lang="en" lang="en">
 <head>
  <title>
</title>
<meta http-equiv="Content-Type" content="text/html;charset=utf-8" />
  <meta name='ocr-system' content='tesseract 3.04.00' />
  <meta name='ocr-capabilities' content='ocr_page ocr_carea ocr_par ocr_line ocrx_word'/>
</head>
<body>
  <div class='ocr_page' id='page_1' title='image "./philosophiaenatu02newtuoft_0313.png"; bbox 0 0 2066 3548; ppageno 0'>
   <div class='ocr_carea' id='block_1_1' title="bbox 0 0 21 3548">
    <p class='ocr_par' dir='ltr' id='par_1_1' title="bbox 0 0 21 3548">
     <span class='ocr_line' id='line_1_1' title="bbox 0 0 21 3548; baseline 0 0"><span class='ocrx_word' id='word_1_1' title='bbox 0 0 21 3548; x_wconf 95' lang='lat' dir='ltr'> </span> 
     </span>
    </p>
   </div>
   <div class='ocr_carea' id='block_1_2' title="bbox 113 263 1388 318">
    <p class='ocr_par' dir='ltr' id='par_1_2' title="bbox 113 263 1388 318">
     <span class='ocr_line' id='line_1_2' title="bbox 113 263 1388 318; baseline 0.002 -13"><span class='ocrx_word' id='word_1_2' title='bbox 113 263 265 306; x_wconf 73' lang='lat' dir='ltr'>Luma</span> <span class='ocrx_word' id='word_1_3' title='bbox 276 265 498 318; x_wconf 65' lang='lat' dir='ltr'>Saeuum]</span> <span class='ocrx_word' id='word_1_4' title='bbox 541 265 862 310; x_wconf 83' lang='lat' dir='ltr'>PRINCIPIA</span> <span class='ocrx_word' id='word_1_5' title='bbox 894 265 1388 317; x_wconf 83' lang='lat' dir='ltr'>MATHEMATICA.</span> 
     </span>
    </p>
   </div>
   <div class='ocr_carea' id='block_1_3' title="bbox 1735 277 1817 314">
    <p class='ocr_par' dir='ltr' id='par_1_3' title="bbox 1735 277 1817 314">
     <span class='ocr_line' id='line_1_3' title="bbox 1735 277 1817 314; baseline 0.024 -2"><span class='ocrx_word' id='word_1_6' title='bbox 1735 277 1817 314; x_wconf 82' lang='lat'>299</span> 
     </span>
    </p>
   </div>
   <div class='ocr_carea' id='block_1_4' title="bbox 109 378 1817 437">
    <p class='ocr_par' dir='ltr' id='par_1_4' title="bbox 109 378 1817 437">
     <span class='ocr_line' id='line_1_4' title="bbox 109 378 1817 437; baseline 0.004 -17"><span class='ocrx_word' id='word_1_7' title='bbox 109 378 397 421; x_wconf 78' lang='lat' dir='ltr'><strong>translationes</strong></span> <span class='ocrx_word' id='word_1_8' title='bbox 427 379 480 421; x_wconf 91' lang='lat' dir='ltr'>ab</span> <span class='ocrx_word' id='word_1_9' title='bbox 509 379 698 430; x_wconf 91' lang='lat' dir='ltr'>invicem,</span> <span class='ocrx_word' id='word_1_10' title='bbox 730 387 772 421; x_wconf 91' lang='lat' dir='ltr'>et</span> <span class='ocrx_word' id='word_1_11' title='bbox 790 378 1028 433; x_wconf 86' lang='lat' dir='ltr'>superficies</span> <span class='ocrx_word' id='word_1_12' title='bbox 1049 379 1257 436; x_wconf 83' lang='lat' dir='ltr'>contiguae</span> <span class='ocrx_word' id='word_1_13' title='bbox 1285 380 1327 421; x_wconf 91' lang='lat' dir='ltr'>in</span> <span class='ocrx_word' id='word_1_14' title='bbox 1358 381 1508 436; x_wconf 90' lang='lat' dir='ltr'>quibus</span> <span class='ocrx_word' id='word_1_15' title='bbox 1527 382 1817 437; x_wconf 81' lang='lat' dir='ltr'><strong>impressiones</strong></span> 
     </span>
    </p>
   </div>
   <div class='ocr_carea' id='block_1_5' title="bbox 103 451 1816 579">
    <p class='ocr_par' dir='ltr' id='par_1_5' title="bbox 103 451 1816 579">
     <span class='ocr_line' id='line_1_5' title="bbox 106 451 1816 511; baseline 0.004 -19"><span class='ocrx_word' id='word_1_16' title='bbox 106 451 225 493; x_wconf 87' lang='lat' dir='ltr'>fiunt.</span> <span class='ocrx_word' id='word_1_17' title='bbox 287 452 332 494; x_wconf 88' lang='lat' dir='ltr'>Si</span> <span class='ocrx_word' id='word_1_18' title='bbox 352 452 567 507; x_wconf 86' lang='lat' dir='ltr'>impressio</span> <span class='ocrx_word' id='word_1_19' title='bbox 587 452 630 494; x_wconf 89' lang='lat' dir='ltr'>in</span> <span class='ocrx_word' id='word_1_20' title='bbox 650 452 794 497; x_wconf 89' lang='lat' dir='ltr'>orbem</span> <span class='ocrx_word' id='word_1_21' title='bbox 822 452 1002 508; x_wconf 81' lang='lat' dir='ltr'>aliquem</span> <span class='ocrx_word' id='word_1_22' title='bbox 1029 453 1162 508; x_wconf 85' lang='lat' dir='ltr'>major</span> <span class='ocrx_word' id='word_1_23' title='bbox 1181 460 1243 494; x_wconf 87' lang='lat' dir='ltr'>est</span> <span class='ocrx_word' id='word_1_24' title='bbox 1262 453 1327 494; x_wconf 89' lang='lat' dir='ltr'>vel</span> <span class='ocrx_word' id='word_1_25' title='bbox 1346 454 1484 495; x_wconf 90' lang='lat' dir='ltr'>minor</span> <span class='ocrx_word' id='word_1_26' title='bbox 1503 470 1557 496; x_wconf 88' lang='lat' dir='ltr'>ex</span> <span class='ocrx_word' id='word_1_27' title='bbox 1576 465 1694 511; x_wconf 86' lang='lat' dir='ltr'>parte</span> <span class='ocrx_word' id='word_1_28' title='bbox 1717 473 1816 502; x_wconf 85' lang='lat' dir='ltr'>con-</span> 
     </span>
     <span class='ocr_line' id='line_1_6' title="bbox 103 522 1814 579; baseline 0.004 -16"><span class='ocrx_word' id='word_1_29' title='bbox 103 522 203 563; x_wconf 63' lang='lat' dir='ltr'>cava</span> <span class='ocrx_word' id='word_1_30' title='bbox 223 538 347 579; x_wconf 89' lang='lat' dir='ltr'>quam</span> <span class='ocrx_word' id='word_1_31' title='bbox 367 538 420 564; x_wconf 87' lang='lat' dir='ltr'>ex</span> <span class='ocrx_word' id='word_1_32' title='bbox 439 532 557 578; x_wconf 90' lang='lat' dir='ltr'>parte</span> <span class='ocrx_word' id='word_1_33' title='bbox 577 522 786 573; x_wconf 63' lang='lat' dir='ltr'>convex53</span> <span class='ocrx_word' id='word_1_34' title='bbox 814 522 1056 578; x_wconf 65' lang='lat' dir='ltr'>praevalebit</span> <span class='ocrx_word' id='word_1_35' title='bbox 1081 522 1299 577; x_wconf 84' lang='lat' dir='ltr'>impressio</span> <span class='ocrx_word' id='word_1_36' title='bbox 1317 523 1476 576; x_wconf 84' lang='lat' dir='ltr'>fortior,</span> <span class='ocrx_word' id='word_1_37' title='bbox 1497 533 1539 567; x_wconf 91' lang='lat' dir='ltr'>et</span> <span class='ocrx_word' id='word_1_38' title='bbox 1557 534 1717 569; x_wconf 91' lang='lat' dir='ltr'>motum</span> <span class='ocrx_word' id='word_1_39' title='bbox 1747 543 1814 570; x_wconf 89' lang='lat' dir='ltr'>or-</span> 
     </span>
    </p>
   </div>
   <div class='ocr_carea' id='block_1_6' title="bbox 90 593 890 1712">
    <p class='ocr_par' dir='ltr' id='par_1_6' title="bbox 90 593 890 1712">
     <span class='ocr_line' id='line_1_7' title="bbox 103 593 890 646; baseline 0.003 -12"><span class='ocrx_word' id='word_1_40' title='bbox 103 593 167 634; x_wconf 87' lang='lat' dir='ltr'>bis</span> <span class='ocrx_word' id='word_1_41' title='bbox 188 593 254 635; x_wconf 91' lang='lat' dir='ltr'>vel</span> <span class='ocrx_word' id='word_1_42' title='bbox 283 594 528 635; x_wconf 87' lang='lat' dir='ltr'>accelerabit</span> <span class='ocrx_word' id='word_1_43' title='bbox 557 594 622 635; x_wconf 89' lang='lat' dir='ltr'>vel</span> <span class='ocrx_word' id='word_1_44' title='bbox 650 594 890 646; x_wconf 83' lang='lat' dir='ltr'>retardabit,</span> 
     </span>
     <span class='ocr_line' id='line_1_8' title="bbox 99 664 881 721; baseline 0.005 -17"><span class='ocrx_word' id='word_1_45' title='bbox 99 673 226 718; x_wconf 91' lang='lat' dir='ltr'>prout</span> <span class='ocrx_word' id='word_1_46' title='bbox 263 665 307 706; x_wconf 91' lang='lat' dir='ltr'>in</span> <span class='ocrx_word' id='word_1_47' title='bbox 338 665 512 706; x_wconf 86' lang='lat' dir='ltr'>eandem</span> <span class='ocrx_word' id='word_1_48' title='bbox 542 664 753 721; x_wconf 85' lang='lat' dir='ltr'>regionem</span> <span class='ocrx_word' id='word_1_49' title='bbox 786 680 881 708; x_wconf 87' lang='lat' dir='ltr'>cum</span> 
     </span>
     <span class='ocr_line' id='line_1_9' title="bbox 98 733 879 788; baseline 0.005 -14"><span class='ocrx_word' id='word_1_50' title='bbox 98 733 228 788; x_wconf 88' lang='lat' dir='ltr'>ipsius</span> <span class='ocrx_word' id='word_1_51' title='bbox 249 742 364 776; x_wconf 89' lang='lat' dir='ltr'>motu</span> <span class='ocrx_word' id='word_1_52' title='bbox 379 735 441 776; x_wconf 89' lang='lat' dir='ltr'>vel</span> <span class='ocrx_word' id='word_1_53' title='bbox 453 735 496 775; x_wconf 89' lang='lat' dir='ltr'>in</span> <span class='ocrx_word' id='word_1_54' title='bbox 517 736 765 777; x_wconf 81' lang='lat' dir='ltr'>contrariam</span> <span class='ocrx_word' id='word_1_55' title='bbox 780 737 879 778; x_wconf 92' lang='lat' dir='ltr'>diri-</span> 
     </span>
     <span class='ocr_line' id='line_1_10' title="bbox 98 805 878 864; baseline 0.004 -18"><span class='ocrx_word' id='word_1_56' title='bbox 98 805 222 861; x_wconf 86' lang='lat' dir='ltr'>gitur.</span> <span class='ocrx_word' id='word_1_57' title='bbox 267 805 449 847; x_wconf 89' lang='lat' dir='ltr'>Proinde</span> <span class='ocrx_word' id='word_1_58' title='bbox 469 814 515 847; x_wconf 92' lang='lat' dir='ltr'>ut</span> <span class='ocrx_word' id='word_1_59' title='bbox 535 806 646 847; x_wconf 90' lang='lat' dir='ltr'>orbis</span> <span class='ocrx_word' id='word_1_60' title='bbox 659 808 878 864; x_wconf 88' lang='lat' dir='ltr'>unusquis-</span> 
     </span>
     <span class='ocr_line' id='line_1_11' title="bbox 99 876 878 934; baseline 0.006 -18"><span class='ocrx_word' id='word_1_61' title='bbox 99 890 180 931; x_wconf 86' lang='lat' dir='ltr'>que</span> <span class='ocrx_word' id='word_1_62' title='bbox 197 876 242 917; x_wconf 90' lang='lat' dir='ltr'>in</span> <span class='ocrx_word' id='word_1_63' title='bbox 260 884 376 918; x_wconf 89' lang='lat' dir='ltr'>motu</span> <span class='ocrx_word' id='word_1_64' title='bbox 397 892 472 918; x_wconf 86' lang='lat' dir='ltr'>suo</span> <span class='ocrx_word' id='word_1_65' title='bbox 502 876 759 920; x_wconf 85' lang='lat' dir='ltr'>uniformiter</span> <span class='ocrx_word' id='word_1_66' title='bbox 782 893 878 934; x_wconf 89' lang='lat' dir='ltr'>per-</span> 
     </span>
     <span class='ocr_line' id='line_1_12' title="bbox 98 950 878 1006; baseline 0.005 -16"><span class='ocrx_word' id='word_1_67' title='bbox 98 957 267 1000; x_wconf 89' lang='lat' dir='ltr'>severet,</span> <span class='ocrx_word' id='word_1_68' title='bbox 309 950 463 992; x_wconf 88' lang='lat' dir='ltr'>debent</span> <span class='ocrx_word' id='word_1_69' title='bbox 499 951 788 1006; x_wconf 83' lang='lat' dir='ltr'>impressiones</span> <span class='ocrx_word' id='word_1_70' title='bbox 823 966 878 994; x_wconf 86' lang='lat' dir='ltr'>ex</span> 
     </span>
     <span class='ocr_line' id='line_1_13' title="bbox 95 1021 877 1079; baseline 0.004 -17"><span class='ocrx_word' id='word_1_71' title='bbox 95 1028 214 1075; x_wconf 89' lang='lat' dir='ltr'>parte</span> <span class='ocrx_word' id='word_1_72' title='bbox 235 1021 409 1078; x_wconf 68' lang='lat' dir='ltr'>utraque</span> <span class='ocrx_word' id='word_1_73' title='bbox 429 1022 507 1063; x_wconf 91' lang='lat' dir='ltr'>sibi</span> <span class='ocrx_word' id='word_1_74' title='bbox 526 1022 700 1064; x_wconf 90' lang='lat' dir='ltr'>invicem</span> <span class='ocrx_word' id='word_1_75' title='bbox 719 1024 877 1079; x_wconf 89' lang='lat' dir='ltr'>aequari</span> 
     </span>
     <span class='ocr_line' id='line_1_14' title="bbox 97 1091 875 1149; baseline 0.004 -17"><span class='ocrx_word' id='word_1_76' title='bbox 97 1099 139 1133; x_wconf 92' lang='lat' dir='ltr'>et</span> <span class='ocrx_word' id='word_1_77' title='bbox 176 1091 268 1133; x_wconf 85' lang='lat' dir='ltr'>fieri</span> <span class='ocrx_word' id='word_1_78' title='bbox 305 1093 349 1133; x_wconf 90' lang='lat' dir='ltr'>in</span> <span class='ocrx_word' id='word_1_79' title='bbox 398 1093 588 1149; x_wconf 87' lang='lat' dir='ltr'>regiones</span> <span class='ocrx_word' id='word_1_80' title='bbox 638 1094 875 1136; x_wconf 88' lang='lat' dir='ltr'>contrarias.</span> 
     </span>
     <span class='ocr_line' id='line_1_15' title="bbox 96 1162 877 1218; baseline 0.004 -14"><span class='ocrx_word' id='word_1_81' title='bbox 96 1163 149 1216; x_wconf 71' lang='lat' dir='ltr'>(b)</span> <span class='ocrx_word' id='word_1_82' title='bbox 173 1162 300 1205; x_wconf 92' lang='lat' dir='ltr'>Unde</span> <span class='ocrx_word' id='word_1_83' title='bbox 330 1177 424 1204; x_wconf 93' lang='lat' dir='ltr'>cum</span> <span class='ocrx_word' id='word_1_84' title='bbox 455 1164 746 1218; x_wconf 68' lang='lat' dir='ltr'>impressiones</span> <span class='ocrx_word' id='word_1_85' title='bbox 781 1173 877 1207; x_wconf 91' lang='lat' dir='ltr'>sunt</span> 
     </span>
     <span class='ocr_line' id='line_1_16' title="bbox 94 1234 876 1291; baseline 0.005 -17"><span class='ocrx_word' id='word_1_86' title='bbox 94 1240 141 1274; x_wconf 91' lang='lat' dir='ltr'>ut</span> <span class='ocrx_word' id='word_1_87' title='bbox 159 1234 365 1291; x_wconf 87' lang='lat' dir='ltr'>contiguae</span> <span class='ocrx_word' id='word_1_88' title='bbox 395 1234 632 1289; x_wconf 88' lang='lat' dir='ltr'>superficies</span> <span class='ocrx_word' id='word_1_89' title='bbox 662 1242 704 1277; x_wconf 92' lang='lat' dir='ltr'>et</span> <span class='ocrx_word' id='word_1_90' title='bbox 728 1235 876 1278; x_wconf 88' lang='lat' dir='ltr'>harum</span> 
     </span>
     <span class='ocr_line' id='line_1_17' title="bbox 94 1308 876 1360; baseline 0.001 -11"><span class='ocrx_word' id='word_1_91' title='bbox 94 1308 380 1350; x_wconf 82' lang='lat' dir='ltr'>translationes</span> <span class='ocrx_word' id='word_1_92' title='bbox 419 1308 472 1350; x_wconf 87' lang='lat' dir='ltr'>ab</span> <span class='ocrx_word' id='word_1_93' title='bbox 515 1309 704 1360; x_wconf 87' lang='lat' dir='ltr'>invicem,</span> <span class='ocrx_word' id='word_1_94' title='bbox 754 1316 876 1351; x_wconf 86' lang='lat' dir='ltr'>erunt</span> 
     </span>
     <span class='ocr_line' id='line_1_18' title="bbox 92 1381 873 1437; baseline 0.001 -14"><span class='ocrx_word' id='word_1_95' title='bbox 92 1381 376 1423; x_wconf 84' lang='lat' dir='ltr'>translationes</span> <span class='ocrx_word' id='word_1_96' title='bbox 392 1382 551 1425; x_wconf 73' lang='lat' dir='ltr'>inverse</span> <span class='ocrx_word' id='word_1_97' title='bbox 567 1390 611 1424; x_wconf 91' lang='lat' dir='ltr'>ut</span> <span class='ocrx_word' id='word_1_98' title='bbox 622 1381 873 1437; x_wconf 88' lang='lat' dir='ltr'>superficies,</span> 
     </span>
     <span class='ocr_line' id='line_1_19' title="bbox 91 1454 874 1510; baseline 0.001 -16"><span class='ocrx_word' id='word_1_99' title='bbox 91 1454 171 1495; x_wconf 92' lang='lat' dir='ltr'>hoc</span> <span class='ocrx_word' id='word_1_100' title='bbox 214 1463 289 1505; x_wconf 90' lang='lat' dir='ltr'>est,</span> <span class='ocrx_word' id='word_1_101' title='bbox 340 1454 500 1497; x_wconf 74' lang='lat' dir='ltr'>inverse</span> <span class='ocrx_word' id='word_1_102' title='bbox 544 1463 591 1496; x_wconf 91' lang='lat' dir='ltr'>ut</span> <span class='ocrx_word' id='word_1_103' title='bbox 638 1454 874 1510; x_wconf 89' lang='lat' dir='ltr'>superficie-</span> 
     </span>
     <span class='ocr_line' id='line_1_20' title="bbox 90 1525 875 1581; baseline 0.004 -16"><span class='ocrx_word' id='word_1_104' title='bbox 90 1539 184 1566; x_wconf 90' lang='lat' dir='ltr'>rum</span> <span class='ocrx_word' id='word_1_105' title='bbox 217 1525 422 1567; x_wconf 83' lang='lat' dir='ltr'>distantiae</span> <span class='ocrx_word' id='word_1_106' title='bbox 457 1526 510 1568; x_wconf 88' lang='lat' dir='ltr'>ab</span> <span class='ocrx_word' id='word_1_107' title='bbox 541 1541 632 1568; x_wconf 83' lang='lat' dir='ltr'>axe.</span> <span class='ocrx_word' id='word_1_108' title='bbox 693 1527 740 1581; x_wconf 77' lang='lat'>(⁰)</span> <span class='ocrx_word' id='word_1_109' title='bbox 769 1527 875 1568; x_wconf 92' lang='lat' dir='ltr'>Sunt</span> 
     </span>
     <span class='ocr_line' id='line_1_21' title="bbox 91 1597 877 1655; baseline 0.001 -19"><span class='ocrx_word' id='word_1_110' title='bbox 91 1604 230 1637; x_wconf 87' lang='lat' dir='ltr'>autem</span> <span class='ocrx_word' id='word_1_111' title='bbox 249 1597 492 1639; x_wconf 79' lang='lat' dir='ltr'>differentiae</span> <span class='ocrx_word' id='word_1_112' title='bbox 504 1606 691 1639; x_wconf 87' lang='lat' dir='ltr'>motuum</span> <span class='ocrx_word' id='word_1_113' title='bbox 706 1597 877 1655; x_wconf 81' lang='lat' dir='ltr'>angula..</span> 
     </span>
     <span class='ocr_line' id='line_1_22' title="bbox 90 1659 887 1712; baseline 0.006 -5"><span class='ocrx_word' id='word_1_114' title='bbox 90 1659 197 1707; x_wconf 85' lang='lat' dir='ltr'>rium</span> <span class='ocrx_word' id='word_1_115' title='bbox 217 1668 325 1709; x_wconf 93' lang='lat' dir='ltr'>circa</span> <span class='ocrx_word' id='word_1_116' title='bbox 344 1683 466 1709; x_wconf 83' lang='lat' dir='ltr'>axem</span> <span class='ocrx_word' id='word_1_117' title='bbox 485 1677 532 1709; x_wconf 92' lang='lat' dir='ltr'>ut</span> <span class='ocrx_word' id='word_1_118' title='bbox 550 1668 617 1708; x_wconf 89' lang='lat' dir='ltr'>hae</span> <span class='ocrx_word' id='word_1_119' title='bbox 636 1664 887 1712; x_wconf 64' lang='lat' dir='ltr'>translatio.-¹</span> 
     </span>
    </p>
   </div>
   <div class='ocr_carea' id='block_1_7' title="bbox 953 683 1804 1630">
    <p class='ocr_par' dir='ltr' id='par_1_7' title="bbox 953 683 1804 1630">
     <span class='ocr_line' id='line_1_23' title="bbox 953 683 1804 1630; baseline 0 0"><span class='ocrx_word' id='word_1_120' title='bbox 953 683 1804 1630; x_wconf 95' lang='lat' dir='ltr'> </span> 
     </span>
    </p>
   </div>
   <div class='ocr_carea' id='block_1_8' title="bbox 30 1740 1801 2183">
    <p class='ocr_par' dir='ltr' id='par_1_8' title="bbox 30 1740 1801 2154">
     <span class='ocr_line' id='line_1_24' title="bbox 30 1740 1801 1795; baseline 0.003 -16"><span class='ocrx_word' id='word_1_121' title='bbox 30 1750 39 1756; x_wconf 53' lang='lat'><em>*</em></span> <span class='ocrx_word' id='word_1_122' title='bbox 89 1753 163 1780; x_wconf 91' lang='lat' dir='ltr'>nes</span> <span class='ocrx_word' id='word_1_123' title='bbox 183 1740 399 1795; x_wconf 81' lang='lat' dir='ltr'>applicatae</span> <span class='ocrx_word' id='word_1_124' title='bbox 418 1741 472 1782; x_wconf 89' lang='lat' dir='ltr'>ad</span> <span class='ocrx_word' id='word_1_125' title='bbox 491 1741 717 1792; x_wconf 86' lang='lat' dir='ltr'>distantias,</span> <span class='ocrx_word' id='word_1_126' title='bbox 749 1740 833 1782; x_wconf 84' lang='lat' dir='ltr'>sive</span> <span class='ocrx_word' id='word_1_127' title='bbox 853 1749 900 1783; x_wconf 91' lang='lat' dir='ltr'>ut</span> <span class='ocrx_word' id='word_1_128' title='bbox 927 1744 1216 1787; x_wconf 87' lang='lat' dir='ltr'>translationes</span> <span class='ocrx_word' id='word_1_129' title='bbox 1247 1743 1402 1787; x_wconf 74' lang='lat' dir='ltr'>directe</span> <span class='ocrx_word' id='word_1_130' title='bbox 1432 1750 1474 1787; x_wconf 90' lang='lat' dir='ltr'>et</span> <span class='ocrx_word' id='word_1_131' title='bbox 1502 1743 1708 1786; x_wconf 82' lang='lat' dir='ltr'>distantiae</span> <span class='ocrx_word' id='word_1_132' title='bbox 1737 1743 1801 1784; x_wconf 92' lang='lat' dir='ltr'>in-</span> 
     </span>
     <span class='ocr_line' id='line_1_25' title="bbox 87 1810 1798 1874; baseline 0.002 -23"><span class='ocrx_word' id='word_1_133' title='bbox 87 1810 227 1874; x_wconf 73' lang='lat' dir='ltr'>verse3</span> <span class='ocrx_word' id='word_1_134' title='bbox 262 1811 342 1853; x_wconf 89' lang='lat' dir='ltr'>hoc</span> <span class='ocrx_word' id='word_1_135' title='bbox 371 1819 446 1862; x_wconf 90' lang='lat' dir='ltr'>est,</span> <span class='ocrx_word' id='word_1_136' title='bbox 483 1812 712 1868; x_wconf 89' lang='lat' dir='ltr'>conjunctis</span> <span class='ocrx_word' id='word_1_137' title='bbox 740 1811 983 1864; x_wconf 84' lang='lat' dir='ltr'>rationibus,</span> <span class='ocrx_word' id='word_1_138' title='bbox 1017 1822 1064 1855; x_wconf 91' lang='lat' dir='ltr'>ut</span> <span class='ocrx_word' id='word_1_139' title='bbox 1083 1814 1286 1870; x_wconf 86' lang='lat' dir='ltr'>quadrata</span> <span class='ocrx_word' id='word_1_140' title='bbox 1304 1814 1594 1855; x_wconf 86' lang='lat' dir='ltr'>distantiarum</span> <span class='ocrx_word' id='word_1_141' title='bbox 1623 1813 1798 1856; x_wconf 66' lang='lat' dir='ltr'>inverse.</span> 
     </span>
     <span class='ocr_line' id='line_1_26' title="bbox 90 1883 1799 1943; baseline 0.001 -19"><span class='ocrx_word' id='word_1_142' title='bbox 90 1883 232 1933; x_wconf 75' lang='lat' dir='ltr'>Quare</span> <span class='ocrx_word' id='word_1_143' title='bbox 261 1884 295 1925; x_wconf 90' lang='lat' dir='ltr'>si</span> <span class='ocrx_word' id='word_1_144' title='bbox 324 1884 378 1925; x_wconf 90' lang='lat' dir='ltr'>ad</span> <span class='ocrx_word' id='word_1_145' title='bbox 407 1883 581 1927; x_wconf 87' lang='lat' dir='ltr'>infinitae</span> <span class='ocrx_word' id='word_1_146' title='bbox 616 1892 740 1926; x_wconf 80' lang='lat' dir='ltr'>rectae</span> <span class='ocrx_word' id='word_1_147' title='bbox 771 1886 801 1927; x_wconf 91' lang='lat' dir='ltr'>S</span> <span class='ocrx_word' id='word_1_148' title='bbox 822 1886 864 1929; x_wconf 94' lang='lat' dir='ltr'><strong>A</strong></span> <span class='ocrx_word' id='word_1_149' title='bbox 886 1886 924 1927; x_wconf 87' lang='lat' dir='ltr'>B</span> <span class='ocrx_word' id='word_1_150' title='bbox 947 1885 984 1928; x_wconf 93' lang='lat' dir='ltr'>C</span> <span class='ocrx_word' id='word_1_151' title='bbox 1005 1887 1050 1928; x_wconf 96' lang='lat' dir='ltr'><strong>D</strong></span> <span class='ocrx_word' id='word_1_152' title='bbox 1073 1886 1110 1927; x_wconf 91' lang='lat' dir='ltr'>E</span> <span class='ocrx_word' id='word_1_153' title='bbox 1133 1886 1176 1936; x_wconf 84' lang='lat' dir='ltr'>Q</span> <span class='ocrx_word' id='word_1_154' title='bbox 1204 1894 1342 1942; x_wconf 87' lang='lat' dir='ltr'>partes</span> <span class='ocrx_word' id='word_1_155' title='bbox 1374 1886 1554 1943; x_wconf 89' lang='lat' dir='ltr'>singulas</span> <span class='ocrx_word' id='word_1_156' title='bbox 1585 1885 1799 1942; x_wconf 86' lang='lat' dir='ltr'>erigantur</span> 
     </span>
     <span class='ocr_line' id='line_1_27' title="bbox 87 1955 1796 2013; baseline 0.001 -16"><span class='ocrx_word' id='word_1_157' title='bbox 87 1955 384 2011; x_wconf 88' lang='lat' dir='ltr'>perpendicula</span> <span class='ocrx_word' id='word_1_158' title='bbox 405 1957 446 1998; x_wconf 94' lang='lat' dir='ltr'>A</span> <span class='ocrx_word' id='word_1_159' title='bbox 466 1971 503 2007; x_wconf 91' lang='lat' dir='ltr'>a,</span> <span class='ocrx_word' id='word_1_160' title='bbox 528 1957 566 1999; x_wconf 92' lang='grc' dir='ltr'>Β</span> <span class='ocrx_word' id='word_1_161' title='bbox 585 1957 627 2007; x_wconf 90' lang='lat' dir='ltr'>b,</span> <span class='ocrx_word' id='word_1_162' title='bbox 651 1958 688 2001; x_wconf 88' lang='lat' dir='ltr'>C</span> <span class='ocrx_word' id='word_1_163' title='bbox 709 1972 746 2007; x_wconf 85' lang='lat' dir='ltr'>e,</span> <span class='ocrx_word' id='word_1_164' title='bbox 768 1958 812 1999; x_wconf 94' lang='lat' dir='ltr'>D</span> <span class='ocrx_word' id='word_1_165' title='bbox 833 1957 875 2008; x_wconf 90' lang='lat' dir='ltr'>d,</span> <span class='ocrx_word' id='word_1_166' title='bbox 899 1958 937 1999; x_wconf 91' lang='lat' dir='ltr'>E</span> <span class='ocrx_word' id='word_1_167' title='bbox 957 1973 992 2008; x_wconf 91' lang='lat' dir='ltr'>e,</span> <span class='ocrx_word' id='word_1_168' title='bbox 1016 1959 1092 2000; x_wconf 73' lang='grc' dir='ltr'>διο.</span> <span class='ocrx_word' id='word_1_169' title='bbox 1113 1958 1296 2013; x_wconf 88' lang='lat' dir='ltr'>ipsarum</span> <span class='ocrx_word' id='word_1_170' title='bbox 1320 1960 1350 2001; x_wconf 91' lang='lat' dir='ltr'>S</span> <span class='ocrx_word' id='word_1_171' title='bbox 1363 1958 1417 2009; x_wconf 88' lang='lat' dir='ltr'>A,</span> <span class='ocrx_word' id='word_1_172' title='bbox 1443 1960 1472 2001; x_wconf 93' lang='lat' dir='ltr'>S</span> <span class='ocrx_word' id='word_1_173' title='bbox 1491 1959 1542 2009; x_wconf 90' lang='lat' dir='ltr'>B,</span> <span class='ocrx_word' id='word_1_174' title='bbox 1568 1959 1597 2000; x_wconf 93' lang='lat' dir='ltr'>S</span> <span class='ocrx_word' id='word_1_175' title='bbox 1613 1958 1663 2008; x_wconf 89' lang='lat' dir='ltr'>C,</span> <span class='ocrx_word' id='word_1_176' title='bbox 1692 1958 1722 1999; x_wconf 91' lang='lat' dir='ltr'>S</span> <span class='ocrx_word' id='word_1_177' title='bbox 1738 1957 1796 2008; x_wconf 93' lang='lat' dir='ltr'>D,</span> 
     </span>
     <span class='ocr_line' id='line_1_28' title="bbox 89 2026 1797 2084; baseline 0 -15"><span class='ocrx_word' id='word_1_178' title='bbox 89 2028 119 2069; x_wconf 91' lang='lat' dir='ltr'>S</span> <span class='ocrx_word' id='word_1_179' title='bbox 142 2027 193 2077; x_wconf 86' lang='lat' dir='ltr'>E,</span> <span class='ocrx_word' id='word_1_180' title='bbox 224 2026 300 2068; x_wconf 74' lang='grc' dir='ltr'>διο.</span> <span class='ocrx_word' id='word_1_181' title='bbox 322 2027 530 2083; x_wconf 86' lang='lat' dir='ltr'>quadratis</span> <span class='ocrx_word' id='word_1_182' title='bbox 549 2027 759 2082; x_wconf 75' lang='lat' dir='ltr'>reciproce</span> <span class='ocrx_word' id='word_1_183' title='bbox 778 2029 1115 2083; x_wconf 88' lang='lat' dir='ltr'>proportionalia,</span> <span class='ocrx_word' id='word_1_184' title='bbox 1147 2037 1189 2070; x_wconf 89' lang='lat' dir='ltr'>et</span> <span class='ocrx_word' id='word_1_185' title='bbox 1207 2044 1282 2083; x_wconf 90' lang='lat' dir='ltr'>per</span> <span class='ocrx_word' id='word_1_186' title='bbox 1302 2030 1499 2071; x_wconf 92' lang='lat' dir='ltr'>terminos</span> <span class='ocrx_word' id='word_1_187' title='bbox 1519 2029 1797 2084; x_wconf 82' lang='lat' dir='ltr'>perpendicu-</span> 
     </span>
     <span class='ocr_line' id='line_1_29' title="bbox 87 2097 1795 2183; baseline -0.001 -43"><span class='ocrx_word' id='word_1_188' title='bbox 87 2098 235 2140; x_wconf 87' lang='lat' dir='ltr'>larium</span> <span class='ocrx_word' id='word_1_189' title='bbox 255 2097 352 2183; x_wconf 87' lang='lat' dir='ltr'>duci</span> <span class='ocrx_word' id='word_1_190' title='bbox 370 2097 624 2154; x_wconf 85' lang='lat' dir='ltr'>intelligatur</span> <span class='ocrx_word' id='word_1_191' title='bbox 653 2098 705 2153; x_wconf 71' lang='lat'>(⁶)</span> <span class='ocrx_word' id='word_1_192' title='bbox 726 2098 834 2139; x_wconf 86' lang='lat' dir='ltr'>linea</span> <span class='ocrx_word' id='word_1_193' title='bbox 856 2112 982 2144; x_wconf 86' lang='lat' dir='ltr'>curva</span> <span class='ocrx_word' id='word_1_194' title='bbox 1005 2098 1295 2154; x_wconf 82' lang='lat' dir='ltr'>hyperbolica3</span> <span class='ocrx_word' id='word_1_195' title='bbox 1326 2108 1448 2141; x_wconf 88' lang='lat' dir='ltr'>erunt</span> <span class='ocrx_word' id='word_1_196' title='bbox 1477 2113 1650 2140; x_wconf 85' lang='lat' dir='ltr'>summae</span> <span class='ocrx_word' id='word_1_197' title='bbox 1679 2098 1795 2140; x_wconf 83' lang='lat' dir='ltr'>diffe-</span> 
     </span>
    </p>
   </div>
   <div class='ocr_carea' id='block_1_9' title="bbox 82 2195 923 3139">
    <p class='ocr_par' dir='ltr' id='par_1_9' title="bbox 84 2195 923 2843">
     <span class='ocr_line' id='line_1_30' title="bbox 131 2195 919 2259; baseline -0.003 -18"><span class='ocrx_word' id='word_1_198' title='bbox 131 2209 185 2259; x_wconf 65' lang='lat'>(⁵)</span> <span class='ocrx_word' id='word_1_199' title='bbox 193 2211 210 2229; x_wconf 78' lang='lat'>²¹¹</span> <span class='ocrx_word' id='word_1_200' title='bbox 235 2211 324 2241; x_wconf 85' lang='lat' dir='ltr'>Unde</span> <span class='ocrx_word' id='word_1_201' title='bbox 337 2195 411 2241; x_wconf 80' lang='lat' dir='ltr'>cum</span> <span class='ocrx_word' id='word_1_202' title='bbox 434 2211 504 2251; x_wconf 81' lang='lat' dir='ltr'>(per</span> <span class='ocrx_word' id='word_1_203' title='bbox 521 2209 628 2250; x_wconf 87' lang='lat' dir='ltr'>Hyp.)</span> <span class='ocrx_word' id='word_1_204' title='bbox 651 2209 733 2240; x_wconf 78' lang='lat' dir='ltr'>orbis</span> <span class='ocrx_word' id='word_1_205' title='bbox 753 2209 919 2251; x_wconf 82' lang='lat' dir='ltr'>unusquis-</span> 
     </span>
     <span class='ocr_line' id='line_1_31' title="bbox 86 2252 920 2293; baseline 0 -11"><span class='ocrx_word' id='word_1_206' title='bbox 86 2263 147 2293; x_wconf 90' lang='lat' dir='ltr'>que</span> <span class='ocrx_word' id='word_1_207' title='bbox 175 2252 208 2281; x_wconf 89' lang='lat' dir='ltr'>in</span> <span class='ocrx_word' id='word_1_208' title='bbox 235 2258 324 2282; x_wconf 88' lang='lat' dir='ltr'>motu</span> <span class='ocrx_word' id='word_1_209' title='bbox 354 2263 412 2282; x_wconf 87' lang='lat' dir='ltr'>suo</span> <span class='ocrx_word' id='word_1_210' title='bbox 444 2252 639 2282; x_wconf 78' lang='lat' dir='ltr'>uniformiter</span> <span class='ocrx_word' id='word_1_211' title='bbox 670 2259 852 2291; x_wconf 86' lang='lat' dir='ltr'>perseveret,</span> <span class='ocrx_word' id='word_1_212' title='bbox 889 2258 920 2282; x_wconf 88' lang='lat' dir='ltr'>et</span> 
     </span>
     <span class='ocr_line' id='line_1_32' title="bbox 88 2294 920 2335; baseline 0 -11"><span class='ocrx_word' id='word_1_213' title='bbox 88 2294 240 2334; x_wconf 78' lang='lat' dir='ltr'>proinde*</span> <span class='ocrx_word' id='word_1_214' title='bbox 231 2295 446 2333; x_wconf 81' lang='lat' dir='ltr'>impressiones</span> <span class='ocrx_word' id='word_1_215' title='bbox 461 2304 498 2325; x_wconf 85' lang='lat' dir='ltr'>ex</span> <span class='ocrx_word' id='word_1_216' title='bbox 513 2301 643 2335; x_wconf 76' lang='lat' dir='ltr'>utraque</span> <span class='ocrx_word' id='word_1_217' title='bbox 664 2301 750 2333; x_wconf 85' lang='lat' dir='ltr'>parte</span> <span class='ocrx_word' id='word_1_218' title='bbox 770 2295 920 2335; x_wconf 89' lang='lat' dir='ltr'>cujusque</span> 
     </span>
     <span class='ocr_line' id='line_1_33' title="bbox 88 2336 923 2378; baseline 0 -12"><span class='ocrx_word' id='word_1_219' title='bbox 88 2337 192 2367; x_wconf 82' lang='lat' dir='ltr'>orbis&#39;</span> <span class='ocrx_word' id='word_1_220' title='bbox 183 2347 214 2366; x_wconf 83' lang='lat' dir='ltr'>in</span> <span class='ocrx_word' id='word_1_221' title='bbox 227 2336 334 2378; x_wconf 84' lang='lat' dir='ltr'>plagas</span> <span class='ocrx_word' id='word_1_222' title='bbox 345 2338 512 2367; x_wconf 86' lang='lat' dir='ltr'>contrarias</span> <span class='ocrx_word' id='word_1_223' title='bbox 522 2338 611 2366; x_wconf 78' lang='lat' dir='ltr'>factae</span> <span class='ocrx_word' id='word_1_224' title='bbox 623 2336 756 2377; x_wconf 82' lang='lat' dir='ltr'>aequales</span> <span class='ocrx_word' id='word_1_225' title='bbox 766 2337 847 2366; x_wconf 88' lang='lat' dir='ltr'>sint·</span> <span class='ocrx_word' id='word_1_226' title='bbox 837 2360 848 2374; x_wconf 88' lang='lat'>,</span> <span class='ocrx_word' id='word_1_227' title='bbox 864 2337 923 2366; x_wconf 90' lang='lat' dir='ltr'>im-</span> 
     </span>
     <span class='ocr_line' id='line_1_34' title="bbox 84 2378 923 2418; baseline 0 -9"><span class='ocrx_word' id='word_1_228' title='bbox 84 2379 259 2418; x_wconf 61' lang='lat' dir='ltr'>,pressiones</span> <span class='ocrx_word' id='word_1_229' title='bbox 274 2379 346 2416; x_wconf 78' lang='lat' dir='ltr'>iuae,</span> <span class='ocrx_word' id='word_1_230' title='bbox 361 2379 434 2409; x_wconf 83' lang='lat' dir='ltr'>dato</span> <span class='ocrx_word' id='word_1_231' title='bbox 447 2385 594 2418; x_wconf 88' lang='lat' dir='ltr'>tempore,</span> <span class='ocrx_word' id='word_1_232' title='bbox 610 2379 691 2409; x_wconf 82' lang='lat' dir='ltr'>datae</span> <span class='ocrx_word' id='word_1_233' title='bbox 711 2385 792 2415; x_wconf 84' lang='lat' dir='ltr'>sunt,</span> <span class='ocrx_word' id='word_1_234' title='bbox 809 2385 839 2409; x_wconf 92' lang='lat' dir='ltr'>et</span> <span class='ocrx_word' id='word_1_235' title='bbox 854 2378 923 2409; x_wconf 64' lang='lat' dir='ltr'>ide&amp;</span> 
     </span>
     <span class='ocr_line' id='line_1_35' title="bbox 87 2421 923 2460; baseline -0.001 -8"><span class='ocrx_word' id='word_1_236' title='bbox 87 2421 163 2452; x_wconf 85' lang='lat' dir='ltr'>ratio</span> <span class='ocrx_word' id='word_1_237' title='bbox 188 2421 358 2460; x_wconf 86' lang='lat' dir='ltr'>composita</span> <span class='ocrx_word' id='word_1_238' title='bbox 382 2431 420 2451; x_wconf 87' lang='lat' dir='ltr'>ex</span> <span class='ocrx_word' id='word_1_239' title='bbox 441 2421 610 2452; x_wconf 83' lang='lat' dir='ltr'>rationibus</span> <span class='ocrx_word' id='word_1_240' title='bbox 634 2421 870 2452; x_wconf 76' lang='lat' dir='ltr'>translationum</span> <span class='ocrx_word' id='word_1_241' title='bbox 892 2427 923 2451; x_wconf 87' lang='lat' dir='ltr'>et</span> 
     </span>
     <span class='ocr_line' id='line_1_36' title="bbox 86 2463 922 2504; baseline -0.001 -10"><span class='ocrx_word' id='word_1_242' title='bbox 86 2463 317 2503; x_wconf 82' lang='lat' dir='ltr'>superficierum</span> <span class='ocrx_word' id='word_1_243' title='bbox 341 2464 569 2504; x_wconf 84' lang='lat' dir='ltr'>contiguarum,</span> <span class='ocrx_word' id='word_1_244' title='bbox 591 2474 662 2504; x_wconf 87' lang='lat' dir='ltr'>quae</span> <span class='ocrx_word' id='word_1_245' title='bbox 677 2470 774 2494; x_wconf 89' lang='lat' dir='ltr'>estut</span> <span class='ocrx_word' id='word_1_246' title='bbox 794 2464 922 2502; x_wconf 89' lang='lat' dir='ltr'>impres-</span> 
     </span>
     <span class='ocr_line' id='line_1_37' title="bbox 86 2505 919 2547; baseline 0 -11"><span class='ocrx_word' id='word_1_247' title='bbox 86 2506 142 2542; x_wconf 88' lang='lat' dir='ltr'>sio,</span> <span class='ocrx_word' id='word_1_248' title='bbox 157 2506 229 2537; x_wconf 77' lang='lat' dir='ltr'>data</span> <span class='ocrx_word' id='word_1_249' title='bbox 242 2512 296 2536; x_wconf 62' lang='lat' dir='ltr'>ost.</span> <span class='ocrx_word' id='word_1_250' title='bbox 340 2506 570 2536; x_wconf 80' lang='lat' dir='ltr'>Translationes</span> <span class='ocrx_word' id='word_1_251' title='bbox 584 2506 679 2547; x_wconf 87' lang='lat' dir='ltr'>igitur</span> <span class='ocrx_word' id='word_1_252' title='bbox 694 2505 766 2536; x_wconf 88' lang='lat' dir='ltr'>dato</span> <span class='ocrx_word' id='word_1_253' title='bbox 780 2512 919 2544; x_wconf 82' lang='lat' dir='ltr'>tempora</span> 
     </span>
     <span class='ocr_line' id='line_1_38' title="bbox 86 2548 918 2587; baseline 0 -9"><span class='ocrx_word' id='word_1_254' title='bbox 86 2549 185 2584; x_wconf 84' lang='lat' dir='ltr'>sactae,</span> <span class='ocrx_word' id='word_1_255' title='bbox 201 2555 274 2579; x_wconf 85' lang='lat' dir='ltr'>sunt</span> <span class='ocrx_word' id='word_1_256' title='bbox 287 2548 410 2579; x_wconf 74' lang='lat' dir='ltr'>inverse</span> <span class='ocrx_word' id='word_1_257' title='bbox 424 2555 460 2579; x_wconf 90' lang='lat' dir='ltr'>ut</span> <span class='ocrx_word' id='word_1_258' title='bbox 473 2548 659 2587; x_wconf 88' lang='lat' dir='ltr'>superficies,</span> <span class='ocrx_word' id='word_1_259' title='bbox 675 2549 734 2578; x_wconf 87' lang='lat' dir='ltr'>hoc</span> <span class='ocrx_word' id='word_1_260' title='bbox 746 2554 802 2585; x_wconf 83' lang='lat' dir='ltr'>est,</span> <span class='ocrx_word' id='word_1_261' title='bbox 818 2549 918 2578; x_wconf 86' lang='lat' dir='ltr'>inver-</span> 
     </span>
     <span class='ocr_line' id='line_1_39' title="bbox 85 2590 918 2630; baseline 0 -10"><span class='ocrx_word' id='word_1_262' title='bbox 85 2590 118 2621; x_wconf 72' lang='lat' dir='ltr'>se</span> <span class='ocrx_word' id='word_1_263' title='bbox 134 2596 170 2621; x_wconf 86' lang='lat' dir='ltr'>ut</span> <span class='ocrx_word' id='word_1_264' title='bbox 181 2591 413 2630; x_wconf 81' lang='lat' dir='ltr'>superficierum</span> <span class='ocrx_word' id='word_1_265' title='bbox 425 2590 578 2621; x_wconf 87' lang='lat' dir='ltr'>distantiae</span> <span class='ocrx_word' id='word_1_266' title='bbox 588 2592 627 2621; x_wconf 89' lang='lat' dir='ltr'>ab</span> <span class='ocrx_word' id='word_1_267' title='bbox 641 2600 716 2621; x_wconf 83' lang='lat' dir='ltr'>axe:</span> <span class='ocrx_word' id='word_1_268' title='bbox 735 2601 808 2621; x_wconf 85' lang='lat' dir='ltr'>nam</span> <span class='ocrx_word' id='word_1_269' title='bbox 821 2590 918 2630; x_wconf 82' lang='lat' dir='ltr'>cylin-</span> 
     </span>
     <span class='ocr_line' id='line_1_40' title="bbox 85 2632 920 2674; baseline -0.002 -9"><span class='ocrx_word' id='word_1_270' title='bbox 85 2633 214 2669; x_wconf 80' lang='lat' dir='ltr'>drorum</span> <span class='ocrx_word' id='word_1_271' title='bbox 227 2632 367 2673; x_wconf 72' lang='lat' dir='ltr'>ejusdem</span> <span class='ocrx_word' id='word_1_272' title='bbox 382 2633 586 2674; x_wconf 74' lang='lat' dir='ltr'>longitudinis</span> <span class='ocrx_word' id='word_1_273' title='bbox 606 2632 783 2672; x_wconf 86' lang='lat' dir='ltr'>superficies</span> <span class='ocrx_word' id='word_1_274' title='bbox 797 2639 870 2663; x_wconf 88' lang='lat' dir='ltr'>sunt</span> <span class='ocrx_word' id='word_1_275' title='bbox 884 2638 920 2663; x_wconf 87' lang='lat' dir='ltr'>ut</span> 
     </span>
     <span class='ocr_line' id='line_1_41' title="bbox 85 2674 919 2715; baseline -0.002 -9"><span class='ocrx_word' id='word_1_276' title='bbox 85 2674 239 2706; x_wconf 75' lang='lat' dir='ltr'>distantiae</span> <span class='ocrx_word' id='word_1_277' title='bbox 261 2676 300 2705; x_wconf 83' lang='lat' dir='ltr'>ab</span> <span class='ocrx_word' id='word_1_278' title='bbox 314 2685 380 2706; x_wconf 76' lang='lat' dir='ltr'>axe</span> <span class='ocrx_word' id='word_1_279' title='bbox 393 2675 533 2715; x_wconf 88' lang='lat' dir='ltr'>cylindri,</span> <span class='ocrx_word' id='word_1_280' title='bbox 557 2682 589 2706; x_wconf 86' lang='lat' dir='ltr'>et</span> <span class='ocrx_word' id='word_1_281' title='bbox 601 2675 652 2705; x_wconf 90' lang='lat' dir='ltr'>hic</span> <span class='ocrx_word' id='word_1_282' title='bbox 667 2685 775 2706; x_wconf 88' lang='lat' dir='ltr'>omnes</span> <span class='ocrx_word' id='word_1_283' title='bbox 790 2674 919 2714; x_wconf 88' lang='lat' dir='ltr'>superfi-</span> 
     </span>
     <span class='ocr_line' id='line_1_42' title="bbox 86 2716 919 2759; baseline -0.001 -11"><span class='ocrx_word' id='word_1_284' title='bbox 86 2717 148 2748; x_wconf 85' lang='lat' dir='ltr'>cies</span> <span class='ocrx_word' id='word_1_285' title='bbox 171 2716 381 2756; x_wconf 65' lang='grc' dir='ltr'>ογὶίιιάῐῐοως</span> <span class='ocrx_word' id='word_1_286' title='bbox 395 2728 464 2759; x_wconf 84' lang='lat' dir='ltr'>quae</span> <span class='ocrx_word' id='word_1_287' title='bbox 486 2718 566 2748; x_wconf 86' lang='lat' dir='ltr'>circa</span> <span class='ocrx_word' id='word_1_288' title='bbox 586 2728 678 2748; x_wconf 83' lang='lat' dir='ltr'>axem</span> <span class='ocrx_word' id='word_1_289' title='bbox 693 2717 850 2747; x_wconf 85' lang='lat' dir='ltr'>infinitum</span> <span class='ocrx_word' id='word_1_290' title='bbox 871 2727 919 2747; x_wconf 88' lang='lat' dir='ltr'>re-</span> 
     </span>
     <span class='ocr_line' id='line_1_43' title="bbox 85 2759 920 2801; baseline 0 -11"><span class='ocrx_word' id='word_1_291' title='bbox 85 2759 261 2795; x_wconf 86' lang='lat' dir='ltr'>volvuntur,</span> <span class='ocrx_word' id='word_1_292' title='bbox 291 2765 365 2790; x_wconf 89' lang='lat' dir='ltr'>sunt</span> <span class='ocrx_word' id='word_1_293' title='bbox 388 2759 528 2801; x_wconf 83' lang='lat' dir='ltr'>ejusdem</span> <span class='ocrx_word' id='word_1_294' title='bbox 557 2759 762 2801; x_wconf 88' lang='lat' dir='ltr'>longitudinis</span> <span class='ocrx_word' id='word_1_295' title='bbox 790 2759 920 2790; x_wconf 87' lang='lat' dir='ltr'>infinitae</span> 
     </span>
     <span class='ocr_line' id='line_1_44' title="bbox 91 2801 286 2858; baseline -0.015 -15"><span class='ocrx_word' id='word_1_296' title='bbox 91 2804 161 2858; x_wconf 74' lang='lat' dir='ltr'>(per</span> <span class='ocrx_word' id='word_1_297' title='bbox 178 2801 286 2841; x_wconf 81' lang='lat' dir='ltr'>Hyp.)</span> 
     </span>
    </p>

    <p class='ocr_par' dir='ltr' id='par_1_10' title="bbox 84 2843 921 3139">
     <span class='ocr_line' id='line_1_45' title="bbox 129 2843 918 2889; baseline 0.003 -16"><span class='ocrx_word' id='word_1_298' title='bbox 129 2847 141 2885; x_wconf 94' lang='lat'>(</span> <span class='ocrx_word' id='word_1_299' title='bbox 145 2843 175 2882; x_wconf 47' lang='grc' dir='ltr'>ι’)</span> <span class='ocrx_word' id='word_1_300' title='bbox 193 2846 211 2863; x_wconf 54' lang='lat'><strong>⁸</strong></span> <span class='ocrx_word' id='word_1_301' title='bbox 223 2847 296 2874; x_wconf 80' lang='lat'><strong>327.</strong></span> <span class='ocrx_word' id='word_1_302' title='bbox 315 2845 394 2875; x_wconf 77' lang='lat' dir='ltr'>Sunt</span> <span class='ocrx_word' id='word_1_303' title='bbox 405 2851 509 2876; x_wconf 80' lang='lat' dir='ltr'>autem</span> <span class='ocrx_word' id='word_1_304' title='bbox 518 2847 550 2876; x_wconf 86' lang='lat' dir='ltr'>d</span> <span class='ocrx_word' id='word_1_305' title='bbox 540 2846 700 2889; x_wconf 74' lang='lat' dir='ltr'>fferenhae</span> <span class='ocrx_word' id='word_1_306' title='bbox 710 2851 852 2875; x_wconf 79' lang='lat' dir='ltr'>motuum</span> <span class='ocrx_word' id='word_1_307' title='bbox 861 2856 918 2875; x_wconf 79' lang='lat' dir='ltr'>an·</span> 
     </span>
     <span class='ocr_line' id='line_1_46' title="bbox 82 2886 919 2928; baseline -0.002 -10.948"><span class='ocrx_word' id='word_1_308' title='bbox 82 2887 254 2926; x_wconf 66' lang='lat' dir='ltr'>gadarium,</span> <span class='ocrx_word' id='word_1_309' title='bbox 284 2886 341 2916; x_wconf 75' lang='grc' dir='ltr'>διε.</span> <span class='ocrx_word' id='word_1_310' title='bbox 387 2886 497 2917; x_wconf 77' lang='lat' dir='ltr'>Motus</span> <span class='ocrx_word' id='word_1_311' title='bbox 525 2887 689 2928; x_wconf 83' lang='lat' dir='ltr'>angulares</span> <span class='ocrx_word' id='word_1_312' title='bbox 716 2886 862 2917; x_wconf 87' lang='lat' dir='ltr'>dicuntur</span> <span class='ocrx_word' id='word_1_313' title='bbox 886 2887 919 2923; x_wconf 87' lang='lat' dir='ltr'>ii,</span> 
     </span>
     <span class='ocr_line' id='line_1_47' title="bbox 84 2926 921 2968; baseline 0.001 -10"><span class='ocrx_word' id='word_1_314' title='bbox 84 2929 196 2968; x_wconf 82' lang='lat' dir='ltr'>quibus</span> <span class='ocrx_word' id='word_1_315' title='bbox 206 2926 331 2968; x_wconf 80' lang='lat' dir='ltr'>singula</span> <span class='ocrx_word' id='word_1_316' title='bbox 341 2935 457 2967; x_wconf 87' lang='lat' dir='ltr'>puncta</span> <span class='ocrx_word' id='word_1_317' title='bbox 475 2930 515 2966; x_wconf 79' lang='lat' dir='ltr'>A,</span> <span class='ocrx_word' id='word_1_318' title='bbox 531 2930 569 2966; x_wconf 91' lang='lat' dir='ltr'>B,</span> <span class='ocrx_word' id='word_1_319' title='bbox 586 2930 623 2966; x_wconf 92' lang='lat' dir='ltr'>C,</span> <span class='ocrx_word' id='word_1_320' title='bbox 640 2930 683 2966; x_wconf 86' lang='lat' dir='ltr'>D,</span> <span class='ocrx_word' id='word_1_321' title='bbox 694 2929 736 2964; x_wconf 88' lang='lat' dir='ltr'>E,</span> <span class='ocrx_word' id='word_1_322' title='bbox 754 2930 811 2959; x_wconf 76' lang='grc' dir='ltr'>διο.</span> <span class='ocrx_word' id='word_1_323' title='bbox 829 2929 921 2959; x_wconf 85' lang='lat' dir='ltr'>radiis</span> 
     </span>
     <span class='ocr_line' id='line_1_48' title="bbox 84 2969 921 3020; baseline 0 -19"><span class='ocrx_word' id='word_1_324' title='bbox 84 2971 125 3002; x_wconf 87' lang='lat' dir='ltr'>ad</span> <span class='ocrx_word' id='word_1_325' title='bbox 138 2980 229 3001; x_wconf 84' lang='lat' dir='ltr'>axem</span> <span class='ocrx_word' id='word_1_326' title='bbox 243 2969 375 3010; x_wconf 83' lang='lat' dir='ltr'>cylindri</span> <span class='ocrx_word' id='word_1_327' title='bbox 396 2971 687 3020; x_wconf 84' lang='lat' dir='ltr'>perpendiculariter</span> <span class='ocrx_word' id='word_1_328' title='bbox 701 2971 804 3001; x_wconf 88' lang='lat' dir='ltr'>ductis</span> <span class='ocrx_word' id='word_1_329' title='bbox 817 2981 921 3012; x_wconf 79' lang='lat' dir='ltr'>angu-</span> 
     </span>
     <span class='ocr_line' id='line_1_49' title="bbox 84 3013 921 3054; baseline 0.002 -12"><span class='ocrx_word' id='word_1_330' title='bbox 84 3013 131 3044; x_wconf 83' lang='lat' dir='ltr'>los</span> <span class='ocrx_word' id='word_1_331' title='bbox 154 3013 340 3044; x_wconf 81' lang='lat' dir='ltr'>describunt.</span> <span class='ocrx_word' id='word_1_332' title='bbox 390 3013 471 3043; x_wconf 85' lang='lat' dir='ltr'>Sunt</span> <span class='ocrx_word' id='word_1_333' title='bbox 494 3013 591 3054; x_wconf 82' lang='lat' dir='ltr'>igitur</span> <span class='ocrx_word' id='word_1_334' title='bbox 618 3013 726 3054; x_wconf 87' lang='lat' dir='ltr'>anguli</span> <span class='ocrx_word' id='word_1_335' title='bbox 757 3013 804 3043; x_wconf 86' lang='lat' dir='ltr'>ini</span> <span class='ocrx_word' id='word_1_336' title='bbox 833 3013 921 3053; x_wconf 85' lang='lat' dir='ltr'>quasi</span> 
     </span>
     <span class='ocr_line' id='line_1_50' title="bbox 84 3054 920 3096; baseline 0.002 -12"><span class='ocrx_word' id='word_1_337' title='bbox 84 3055 182 3094; x_wconf 86' lang='lat' dir='ltr'>spatia</span> <span class='ocrx_word' id='word_1_338' title='bbox 202 3054 351 3085; x_wconf 82' lang='lat' dir='ltr'>uniformi</span> <span class='ocrx_word' id='word_1_339' title='bbox 372 3061 461 3085; x_wconf 88' lang='lat' dir='ltr'>motu</span> <span class='ocrx_word' id='word_1_340' title='bbox 482 3055 643 3096; x_wconf 84' lang='lat' dir='ltr'>descripta,</span> <span class='ocrx_word' id='word_1_341' title='bbox 671 3062 702 3086; x_wconf 88' lang='lat' dir='ltr'>et</span> <span class='ocrx_word' id='word_1_342' title='bbox 722 3054 795 3087; x_wconf 62' lang='lat' dir='ltr'>ide&amp;</span> <span class='ocrx_word' id='word_1_343' title='bbox 816 3062 920 3086; x_wconf 87' lang='lat' dir='ltr'>motus</span> 
     </span>
     <span class='ocr_line' id='line_1_51' title="bbox 85 3097 920 3139; baseline 0.002 -11"><span class='ocrx_word' id='word_1_344' title='bbox 85 3097 250 3138; x_wconf 82' lang='lat' dir='ltr'>angulares</span> <span class='ocrx_word' id='word_1_345' title='bbox 263 3103 337 3128; x_wconf 82' lang='lat' dir='ltr'>sunt</span> <span class='ocrx_word' id='word_1_346' title='bbox 351 3103 388 3128; x_wconf 83' lang='lat' dir='ltr'>ut</span> <span class='ocrx_word' id='word_1_347' title='bbox 402 3097 510 3138; x_wconf 80' lang='lat' dir='ltr'>anguli</span> <span class='ocrx_word' id='word_1_348' title='bbox 525 3097 666 3139; x_wconf 80' lang='lat' dir='ltr'>descripti</span> <span class='ocrx_word' id='word_1_349' title='bbox 677 3098 790 3130; x_wconf 84' lang='lat' dir='ltr'>directe</span> <span class='ocrx_word' id='word_1_350' title='bbox 801 3104 832 3129; x_wconf 86' lang='lat' dir='ltr'>et</span> <span class='ocrx_word' id='word_1_351' title='bbox 840 3103 920 3129; x_wconf 83' lang='lat' dir='ltr'>tem-</span> 
     </span>
    </p>
   </div>
   <div class='ocr_carea' id='block_1_10' title="bbox 960 2208 1794 3138">
    <p class='ocr_par' dir='ltr' id='par_1_11' title="bbox 960 2208 1794 2790">
     <span class='ocr_line' id='line_1_52' title="bbox 963 2208 1794 2249; baseline -0.001 -9"><span class='ocrx_word' id='word_1_352' title='bbox 963 2219 1039 2248; x_wconf 83' lang='lat' dir='ltr'>pora</span> <span class='ocrx_word' id='word_1_353' title='bbox 1052 2209 1165 2249; x_wconf 87' lang='lat' dir='ltr'>quibus</span> <span class='ocrx_word' id='word_1_354' title='bbox 1186 2208 1400 2239; x_wconf 79' lang='lat' dir='ltr'>describuntur</span> <span class='ocrx_word' id='word_1_355' title='bbox 1421 2208 1546 2243; x_wconf 73' lang='lat' dir='ltr'>inverse,</span> <span class='ocrx_word' id='word_1_356' title='bbox 1570 2215 1601 2239; x_wconf 90' lang='lat' dir='ltr'>et</span> <span class='ocrx_word' id='word_1_357' title='bbox 1622 2208 1694 2239; x_wconf 87' lang='lat' dir='ltr'>dato</span> <span class='ocrx_word' id='word_1_358' title='bbox 1715 2214 1794 2239; x_wconf 83' lang='lat' dir='ltr'>tem-</span> 
     </span>
     <span class='ocr_line' id='line_1_53' title="bbox 962 2251 1793 2292; baseline 0 -10"><span class='ocrx_word' id='word_1_359' title='bbox 962 2262 1035 2291; x_wconf 85' lang='lat' dir='ltr'>pore</span> <span class='ocrx_word' id='word_1_360' title='bbox 1049 2258 1122 2282; x_wconf 89' lang='lat' dir='ltr'>sunt</span> <span class='ocrx_word' id='word_1_361' title='bbox 1135 2258 1171 2282; x_wconf 88' lang='lat' dir='ltr'>ut</span> <span class='ocrx_word' id='word_1_362' title='bbox 1184 2252 1292 2292; x_wconf 84' lang='lat' dir='ltr'>anguli</span> <span class='ocrx_word' id='word_1_363' title='bbox 1308 2251 1461 2290; x_wconf 85' lang='lat' dir='ltr'>descripti.</span> <span class='ocrx_word' id='word_1_364' title='bbox 1509 2251 1606 2287; x_wconf 88' lang='lat' dir='ltr'>Hinc,</span> <span class='ocrx_word' id='word_1_365' title='bbox 1628 2251 1701 2281; x_wconf 85' lang='lat' dir='ltr'>dato</span> <span class='ocrx_word' id='word_1_366' title='bbox 1715 2256 1793 2282; x_wconf 85' lang='lat' dir='ltr'>tem-</span> 
     </span>
     <span class='ocr_line' id='line_1_54' title="bbox 963 2293 1794 2334; baseline 0 -10"><span class='ocrx_word' id='word_1_367' title='bbox 963 2304 1046 2333; x_wconf 90' lang='lat' dir='ltr'>pore,</span> <span class='ocrx_word' id='word_1_368' title='bbox 1074 2300 1219 2324; x_wconf 89' lang='lat' dir='ltr'>motuum</span> <span class='ocrx_word' id='word_1_369' title='bbox 1241 2293 1439 2334; x_wconf 81' lang='lat' dir='ltr'>angularium</span> <span class='ocrx_word' id='word_1_370' title='bbox 1462 2293 1643 2324; x_wconf 72' lang='lat' dir='ltr'>differentiae</span> <span class='ocrx_word' id='word_1_371' title='bbox 1663 2299 1737 2323; x_wconf 91' lang='lat' dir='ltr'>sunt</span> <span class='ocrx_word' id='word_1_372' title='bbox 1757 2299 1794 2324; x_wconf 83' lang='lat' dir='ltr'>ut</span> 
     </span>
     <span class='ocr_line' id='line_1_55' title="bbox 966 2335 1794 2376; baseline -0.002 -9"><span class='ocrx_word' id='word_1_373' title='bbox 966 2336 1145 2367; x_wconf 67' lang='lat' dir='ltr'>differentiae</span> <span class='ocrx_word' id='word_1_374' title='bbox 1177 2336 1363 2376; x_wconf 82' lang='lat' dir='ltr'>angulorum</span> <span class='ocrx_word' id='word_1_375' title='bbox 1397 2335 1627 2375; x_wconf 84' lang='lat' dir='ltr'>descriptorum,</span> <span class='ocrx_word' id='word_1_376' title='bbox 1658 2336 1718 2365; x_wconf 87' lang='lat' dir='ltr'>hoc</span> <span class='ocrx_word' id='word_1_377' title='bbox 1747 2340 1794 2366; x_wconf 60' lang='lat' dir='ltr'>est</span> 
     </span>
     <span class='ocr_line' id='line_1_56' title="bbox 968 2378 1792 2420; baseline -0.002 -11"><span class='ocrx_word' id='word_1_378' title='bbox 968 2378 1213 2420; x_wconf 80' lang='lat' dir='ltr'>(154.Lib.1.)</span> <span class='ocrx_word' id='word_1_379' title='bbox 1239 2385 1276 2408; x_wconf 86' lang='lat' dir='ltr'>ut</span> <span class='ocrx_word' id='word_1_380' title='bbox 1296 2378 1509 2409; x_wconf 67' lang='lat' dir='ltr'>translationes</span> <span class='ocrx_word' id='word_1_381' title='bbox 1528 2383 1716 2416; x_wconf 79' lang='lat' dir='ltr'>punctorum</span> <span class='ocrx_word' id='word_1_382' title='bbox 1737 2386 1792 2407; x_wconf 81' lang='lat' dir='ltr'>seu</span> 
     </span>
     <span class='ocr_line' id='line_1_57' title="bbox 965 2419 1793 2460; baseline -0.001 -9"><span class='ocrx_word' id='word_1_383' title='bbox 965 2420 1195 2460; x_wconf 84' lang='lat' dir='ltr'>superficierum</span> <span class='ocrx_word' id='word_1_384' title='bbox 1209 2421 1271 2451; x_wconf 83' lang='lat' dir='ltr'>ab</span> <span class='ocrx_word' id='word_1_385' title='bbox 1262 2420 1393 2451; x_wconf 79' lang='lat' dir='ltr'>invicem</span> <span class='ocrx_word' id='word_1_386' title='bbox 1414 2419 1528 2450; x_wconf 70' lang='lat' dir='ltr'>directe</span> <span class='ocrx_word' id='word_1_387' title='bbox 1543 2427 1574 2450; x_wconf 82' lang='lat' dir='ltr'>et</span> <span class='ocrx_word' id='word_1_388' title='bbox 1587 2419 1740 2450; x_wconf 67' lang='lat' dir='ltr'>distantiae</span> <span class='ocrx_word' id='word_1_389' title='bbox 1753 2420 1793 2450; x_wconf 85' lang='lat' dir='ltr'>ab</span> 
     </span>
     <span class='ocr_line' id='line_1_58' title="bbox 965 2462 1793 2494; baseline -0.004 0"><span class='ocrx_word' id='word_1_390' title='bbox 965 2474 1022 2494; x_wconf 88' lang='lat' dir='ltr'>axe</span> <span class='ocrx_word' id='word_1_391' title='bbox 1036 2462 1171 2494; x_wconf 74' lang='lat' dir='ltr'>inverse:</span> <span class='ocrx_word' id='word_1_392' title='bbox 1202 2473 1274 2493; x_wconf 82' lang='lat' dir='ltr'>nam</span> <span class='ocrx_word' id='word_1_393' title='bbox 1295 2462 1508 2493; x_wconf 82' lang='lat' dir='ltr'>translationes</span> <span class='ocrx_word' id='word_1_394' title='bbox 1527 2462 1590 2492; x_wconf 79' lang='lat' dir='ltr'>illae</span> <span class='ocrx_word' id='word_1_395' title='bbox 1611 2468 1684 2492; x_wconf 88' lang='lat' dir='ltr'>sunt</span> <span class='ocrx_word' id='word_1_396' title='bbox 1705 2471 1793 2492; x_wconf 85' lang='lat' dir='ltr'>arcus</span> 
     </span>
     <span class='ocr_line' id='line_1_59' title="bbox 961 2504 1792 2546; baseline -0.004 -10"><span class='ocrx_word' id='word_1_397' title='bbox 961 2506 1124 2536; x_wconf 74' lang='lat' dir='ltr'>cimulares</span> <span class='ocrx_word' id='word_1_398' title='bbox 1144 2515 1222 2546; x_wconf 85' lang='lat' dir='ltr'>quos</span> <span class='ocrx_word' id='word_1_399' title='bbox 1242 2505 1365 2546; x_wconf 84' lang='lat' dir='ltr'>singula</span> <span class='ocrx_word' id='word_1_400' title='bbox 1379 2511 1494 2543; x_wconf 83' lang='lat' dir='ltr'>puncta</span> <span class='ocrx_word' id='word_1_401' title='bbox 1507 2515 1563 2544; x_wconf 88' lang='lat' dir='ltr'>per</span> <span class='ocrx_word' id='word_1_402' title='bbox 1576 2514 1665 2534; x_wconf 83' lang='lat' dir='ltr'>suam</span> <span class='ocrx_word' id='word_1_403' title='bbox 1679 2504 1792 2534; x_wconf 81' lang='lat' dir='ltr'>veloci-</span> 
     </span>
     <span class='ocr_line' id='line_1_60' title="bbox 960 2546 1792 2583; baseline -0.004 -5"><span class='ocrx_word' id='word_1_404' title='bbox 960 2554 1055 2578; x_wconf 86' lang='lat' dir='ltr'>tatem</span> <span class='ocrx_word' id='word_1_405' title='bbox 1076 2548 1234 2578; x_wconf 76' lang='lat' dir='ltr'>relativam</span> <span class='ocrx_word' id='word_1_406' title='bbox 1256 2547 1442 2583; x_wconf 64' lang='lat' dir='ltr'>describunt,</span> <span class='ocrx_word' id='word_1_407' title='bbox 1464 2553 1496 2577; x_wconf 87' lang='lat' dir='ltr'>et</span> <span class='ocrx_word' id='word_1_408' title='bbox 1516 2546 1669 2577; x_wconf 66' lang='lat' dir='ltr'>distantiae</span> <span class='ocrx_word' id='word_1_409' title='bbox 1684 2547 1722 2576; x_wconf 83' lang='lat' dir='ltr'>ab</span> <span class='ocrx_word' id='word_1_410' title='bbox 1733 2555 1792 2576; x_wconf 78' lang='lat' dir='ltr'>axe</span> 
     </span>
     <span class='ocr_line' id='line_1_61' title="bbox 960 2588 1793 2621; baseline -0.002 -1"><span class='ocrx_word' id='word_1_411' title='bbox 960 2596 1034 2621; x_wconf 88' lang='lat' dir='ltr'>sunt</span> <span class='ocrx_word' id='word_1_412' title='bbox 1056 2590 1181 2620; x_wconf 88' lang='lat' dir='ltr'>illorum</span> <span class='ocrx_word' id='word_1_413' title='bbox 1207 2600 1335 2620; x_wconf 88' lang='lat' dir='ltr'>arcuum</span> <span class='ocrx_word' id='word_1_414' title='bbox 1360 2589 1447 2619; x_wconf 85' lang='lat' dir='ltr'>radii.</span> <span class='ocrx_word' id='word_1_415' title='bbox 1496 2589 1558 2620; x_wconf 86' lang='lat' dir='ltr'>Sed</span> <span class='ocrx_word' id='word_1_416' title='bbox 1579 2588 1793 2618; x_wconf 80' lang='lat' dir='ltr'>translationes</span> 
     </span>
     <span class='ocr_line' id='line_1_62' title="bbox 962 2630 1792 2673; baseline -0.004 -10"><span class='ocrx_word' id='word_1_417' title='bbox 962 2633 1036 2665; x_wconf 82' lang='lat' dir='ltr'>dato</span> <span class='ocrx_word' id='word_1_418' title='bbox 1049 2638 1187 2671; x_wconf 88' lang='lat' dir='ltr'>tempore</span> <span class='ocrx_word' id='word_1_419' title='bbox 1201 2632 1299 2668; x_wconf 77' lang='lat' dir='ltr'>factoe,</span> <span class='ocrx_word' id='word_1_420' title='bbox 1315 2638 1389 2662; x_wconf 85' lang='lat' dir='ltr'>sunt</span> <span class='ocrx_word' id='word_1_421' title='bbox 1404 2633 1455 2673; x_wconf 85' lang='lat' dir='ltr'>(ex</span> <span class='ocrx_word' id='word_1_422' title='bbox 1470 2630 1656 2667; x_wconf 79' lang='lat' dir='ltr'>demonstr.)</span> <span class='ocrx_word' id='word_1_423' title='bbox 1673 2636 1710 2660; x_wconf 90' lang='lat' dir='ltr'>ut</span> <span class='ocrx_word' id='word_1_424' title='bbox 1730 2630 1792 2660; x_wconf 88' lang='lat' dir='ltr'>dis-</span> 
     </span>
     <span class='ocr_line' id='line_1_63' title="bbox 961 2672 1793 2709; baseline -0.004 -4"><span class='ocrx_word' id='word_1_425' title='bbox 961 2676 1067 2706; x_wconf 86' lang='lat' dir='ltr'>tantiae</span> <span class='ocrx_word' id='word_1_426' title='bbox 1087 2676 1126 2705; x_wconf 81' lang='lat' dir='ltr'>ab</span> <span class='ocrx_word' id='word_1_427' title='bbox 1147 2685 1203 2705; x_wconf 84' lang='lat' dir='ltr'>axe</span> <span class='ocrx_word' id='word_1_428' title='bbox 1224 2673 1351 2705; x_wconf 69' lang='lat' dir='ltr'>inverse.</span> <span class='ocrx_word' id='word_1_429' title='bbox 1401 2672 1507 2709; x_wconf 71' lang='lat' dir='ltr'>Quare</span> <span class='ocrx_word' id='word_1_430' title='bbox 1532 2672 1711 2703; x_wconf 66' lang='lat' dir='ltr'>differentiae</span> <span class='ocrx_word' id='word_1_431' title='bbox 1725 2682 1793 2703; x_wconf 88' lang='lat' dir='ltr'>mo-</span> 
     </span>
     <span class='ocr_line' id='line_1_64' title="bbox 961 2716 1792 2758; baseline -0.004 -10"><span class='ocrx_word' id='word_1_432' title='bbox 961 2724 1054 2748; x_wconf 80' lang='lat' dir='ltr'>tuum</span> <span class='ocrx_word' id='word_1_433' title='bbox 1068 2717 1277 2758; x_wconf 86' lang='lat' dir='ltr'>angularium,</span> <span class='ocrx_word' id='word_1_434' title='bbox 1299 2716 1373 2747; x_wconf 85' lang='lat' dir='ltr'>dato</span> <span class='ocrx_word' id='word_1_435' title='bbox 1393 2722 1540 2755; x_wconf 77' lang='lat' dir='ltr'>tempore,</span> <span class='ocrx_word' id='word_1_436' title='bbox 1566 2721 1640 2746; x_wconf 85' lang='lat' dir='ltr'>sunt</span> <span class='ocrx_word' id='word_1_437' title='bbox 1659 2721 1696 2745; x_wconf 88' lang='lat' dir='ltr'>ut</span> <span class='ocrx_word' id='word_1_438' title='bbox 1716 2725 1792 2756; x_wconf 84' lang='lat' dir='ltr'>qua-</span> 
     </span>
     <span class='ocr_line' id='line_1_65' title="bbox 962 2758 1421 2790; baseline -0.004 0"><span class='ocrx_word' id='word_1_439' title='bbox 962 2759 1050 2790; x_wconf 83' lang='lat' dir='ltr'>drata</span> <span class='ocrx_word' id='word_1_440' title='bbox 1064 2758 1302 2790; x_wconf 86' lang='lat' dir='ltr'>distantiarum</span> <span class='ocrx_word' id='word_1_441' title='bbox 1292 2758 1421 2789; x_wconf 74' lang='lat' dir='ltr'>inverse.</span> 
     </span>
    </p>

    <p class='ocr_par' dir='ltr' id='par_1_12' title="bbox 963 2800 1793 3138">
     <span class='ocr_line' id='line_1_66' title="bbox 999 2800 1788 2874; baseline -0.005 -40"><span class='ocrx_word' id='word_1_442' title='bbox 999 2802 1050 2874; x_wconf 57' lang='grc' dir='ltr'>ις’)</span> <span class='ocrx_word' id='word_1_443' title='bbox 1081 2805 1098 2822; x_wconf 71' lang='lat'>⁸</span> <span class='ocrx_word' id='word_1_444' title='bbox 1126 2804 1204 2833; x_wconf 64' lang='lat' dir='ltr'>Line</span> <span class='ocrx_word' id='word_1_445' title='bbox 1191 2813 1225 2832; x_wconf 83' lang='lat' dir='ltr'>a</span> <span class='ocrx_word' id='word_1_446' title='bbox 1254 2812 1347 2833; x_wconf 84' lang='lat' dir='ltr'>curva</span> <span class='ocrx_word' id='word_1_447' title='bbox 1376 2802 1573 2842; x_wconf 72' lang='lat' dir='ltr'>hyper-holwa-</span> <span class='ocrx_word' id='word_1_448' title='bbox 1629 2800 1788 2836; x_wconf 82' lang='lat' dir='ltr'>Quoniam</span> 
     </span>
     <span class='ocr_line' id='line_1_67' title="bbox 963 2841 1793 2880; baseline -0.002 -6"><span class='ocrx_word' id='word_1_449' title='bbox 963 2854 998 2875; x_wconf 88' lang='lat' dir='ltr'>or</span> <span class='ocrx_word' id='word_1_450' title='bbox 1020 2844 1112 2874; x_wconf 86' lang='lat' dir='ltr'>inatae</span> <span class='ocrx_word' id='word_1_451' title='bbox 1136 2845 1166 2874; x_wconf 94' lang='lat' dir='ltr'>A</span> <span class='ocrx_word' id='word_1_452' title='bbox 1182 2855 1210 2880; x_wconf 88' lang='lat' dir='ltr'>a,</span> <span class='ocrx_word' id='word_1_453' title='bbox 1234 2844 1262 2874; x_wconf 92' lang='lat' dir='ltr'>B</span> <span class='ocrx_word' id='word_1_454' title='bbox 1278 2845 1309 2879; x_wconf 91' lang='lat' dir='ltr'>b,</span> <span class='ocrx_word' id='word_1_455' title='bbox 1332 2844 1387 2873; x_wconf 70' lang='grc' dir='ltr'>ἃς.</span> <span class='ocrx_word' id='word_1_456' title='bbox 1412 2849 1485 2873; x_wconf 88' lang='lat' dir='ltr'>sunt</span> <span class='ocrx_word' id='word_1_457' title='bbox 1498 2841 1616 2873; x_wconf 80' lang='lat' dir='ltr'>inverse</span> <span class='ocrx_word' id='word_1_458' title='bbox 1629 2849 1666 2872; x_wconf 91' lang='lat' dir='ltr'>ut</span> <span class='ocrx_word' id='word_1_459' title='bbox 1679 2842 1793 2873; x_wconf 84' lang='lat' dir='ltr'>abscis-</span> 
     </span>
     <span class='ocr_line' id='line_1_68' title="bbox 964 2885 1791 2926; baseline -0.002 -9"><span class='ocrx_word' id='word_1_460' title='bbox 964 2897 1068 2917; x_wconf 82' lang='lat' dir='ltr'>sarum</span> <span class='ocrx_word' id='word_1_461' title='bbox 1093 2887 1115 2917; x_wconf 90' lang='lat' dir='ltr'>S</span> <span class='ocrx_word' id='word_1_462' title='bbox 1132 2887 1174 2923; x_wconf 91' lang='lat' dir='ltr'>A,</span> <span class='ocrx_word' id='word_1_463' title='bbox 1200 2887 1222 2916; x_wconf 93' lang='lat' dir='ltr'>S</span> <span class='ocrx_word' id='word_1_464' title='bbox 1240 2887 1278 2922; x_wconf 91' lang='lat' dir='ltr'>B,</span> <span class='ocrx_word' id='word_1_465' title='bbox 1302 2887 1357 2916; x_wconf 86' lang='lat' dir='ltr'>&amp;c.</span> <span class='ocrx_word' id='word_1_466' title='bbox 1375 2885 1542 2926; x_wconf 88' lang='lat' dir='ltr'>quadrata;</span> <span class='ocrx_word' id='word_1_467' title='bbox 1565 2891 1718 2915; x_wconf 86' lang='lat' dir='ltr'>crescente</span> <span class='ocrx_word' id='word_1_468' title='bbox 1737 2886 1791 2915; x_wconf 82' lang='lat' dir='ltr'>ab·</span> 
     </span>
     <span class='ocr_line' id='line_1_69' title="bbox 963 2909 1792 2967; baseline -0.002 -8"><span class='ocrx_word' id='word_1_469' title='bbox 963 2929 1058 2959; x_wconf 85' lang='lat' dir='ltr'>scissa</span> <span class='ocrx_word' id='word_1_470' title='bbox 1073 2939 1108 2959; x_wconf 86' lang='lat' dir='ltr'>ac</span> <span class='ocrx_word' id='word_1_471' title='bbox 1123 2929 1189 2959; x_wconf 88' lang='lat' dir='ltr'>sine</span> <span class='ocrx_word' id='word_1_472' title='bbox 1210 2928 1273 2958; x_wconf 82' lang='lat' dir='ltr'>fine</span> <span class='ocrx_word' id='word_1_473' title='bbox 1293 2927 1463 2967; x_wconf 82' lang='lat' dir='ltr'>producta·</span> <span class='ocrx_word' id='word_1_474' title='bbox 1454 2951 1464 2966; x_wconf 90' lang='lat'>,</span> <span class='ocrx_word' id='word_1_475' title='bbox 1487 2909 1729 2966; x_wconf 59' lang='lat' dir='ltr'>correspondens</span> <span class='ocrx_word' id='word_1_476' title='bbox 1742 2936 1792 2957; x_wconf 83' lang='lat' dir='ltr'>or-</span> 
     </span>
     <span class='ocr_line' id='line_1_70' title="bbox 963 2969 1793 3010; baseline -0.004 -8"><span class='ocrx_word' id='word_1_477' title='bbox 963 2971 1070 3002; x_wconf 86' lang='lat' dir='ltr'>dinata</span> <span class='ocrx_word' id='word_1_478' title='bbox 1090 2970 1237 3001; x_wconf 87' lang='lat' dir='ltr'>decrescit</span> <span class='ocrx_word' id='word_1_479' title='bbox 1251 2976 1282 3000; x_wconf 88' lang='lat' dir='ltr'>et</span> <span class='ocrx_word' id='word_1_480' title='bbox 1296 2979 1467 3010; x_wconf 86' lang='lat' dir='ltr'>numquam</span> <span class='ocrx_word' id='word_1_481' title='bbox 1487 2969 1648 3006; x_wconf 77' lang='lat' dir='ltr'>evanescit,</span> <span class='ocrx_word' id='word_1_482' title='bbox 1671 2976 1703 3000; x_wconf 88' lang='lat' dir='ltr'>et</span> <span class='ocrx_word' id='word_1_483' title='bbox 1722 2969 1793 3000; x_wconf 69' lang='lat' dir='ltr'>ideo</span> 
     </span>
     <span class='ocr_line' id='line_1_71' title="bbox 964 3011 1792 3052; baseline -0.005 -8"><span class='ocrx_word' id='word_1_484' title='bbox 964 3021 1048 3044; x_wconf 85' lang='lat' dir='ltr'>recta</span> <span class='ocrx_word' id='word_1_485' title='bbox 1072 3014 1093 3044; x_wconf 97' lang='lat' dir='ltr'>S</span> <span class='ocrx_word' id='word_1_486' title='bbox 1111 3014 1145 3049; x_wconf 82' lang='lat' dir='ltr'><strong>Q</strong></span> <span class='ocrx_word' id='word_1_487' title='bbox 1164 3019 1210 3043; x_wconf 84' lang='lat' dir='ltr'>est</span> <span class='ocrx_word' id='word_1_488' title='bbox 1224 3022 1325 3043; x_wconf 88' lang='lat' dir='ltr'>curvae</span> <span class='ocrx_word' id='word_1_489' title='bbox 1339 3018 1547 3052; x_wconf 79' lang='lat' dir='ltr'>asymptotus3</span> <span class='ocrx_word' id='word_1_490' title='bbox 1574 3017 1606 3042; x_wconf 83' lang='lat' dir='ltr'>et</span> <span class='ocrx_word' id='word_1_491' title='bbox 1627 3011 1720 3042; x_wconf 86' lang='lat' dir='ltr'>simili</span> <span class='ocrx_word' id='word_1_492' title='bbox 1741 3021 1792 3041; x_wconf 80' lang='lat' dir='ltr'>ra-</span> 
     </span>
     <span class='ocr_line' id='line_1_72' title="bbox 963 3053 1793 3095; baseline 0.001 -11"><span class='ocrx_word' id='word_1_493' title='bbox 963 3056 1048 3087; x_wconf 85' lang='lat' dir='ltr'>tione</span> <span class='ocrx_word' id='word_1_494' title='bbox 1069 3062 1153 3095; x_wconf 85' lang='lat' dir='ltr'>patet</span> <span class='ocrx_word' id='word_1_495' title='bbox 1173 3061 1288 3086; x_wconf 86' lang='lat' dir='ltr'>rectam</span> <span class='ocrx_word' id='word_1_496' title='bbox 1309 3064 1363 3094; x_wconf 85' lang='lat' dir='ltr'>per</span> <span class='ocrx_word' id='word_1_497' title='bbox 1380 3055 1402 3085; x_wconf 92' lang='lat' dir='ltr'>S</span> <span class='ocrx_word' id='word_1_498' title='bbox 1416 3055 1543 3085; x_wconf 71' lang='lat' dir='ltr'>ductam</span> <span class='ocrx_word' id='word_1_499' title='bbox 1556 3054 1733 3086; x_wconf 86' lang='lat' dir='ltr'>normaliter</span> <span class='ocrx_word' id='word_1_500' title='bbox 1752 3053 1793 3085; x_wconf 83' lang='lat' dir='ltr'>ad</span> 
     </span>
     <span class='ocr_line' id='line_1_73' title="bbox 967 3098 1607 3138; baseline -0.005 -7"><span class='ocrx_word' id='word_1_501' title='bbox 967 3099 990 3130; x_wconf 89' lang='lat' dir='ltr'>S</span> <span class='ocrx_word' id='word_1_502' title='bbox 1007 3099 1041 3135; x_wconf 80' lang='lat' dir='ltr'>Q</span> <span class='ocrx_word' id='word_1_503' title='bbox 1054 3108 1118 3130; x_wconf 83' lang='lat' dir='ltr'>esse</span> <span class='ocrx_word' id='word_1_504' title='bbox 1132 3098 1260 3129; x_wconf 76' lang='lat' dir='ltr'>alteram</span> <span class='ocrx_word' id='word_1_505' title='bbox 1274 3107 1376 3129; x_wconf 87' lang='lat' dir='ltr'>curvae</span> <span class='ocrx_word' id='word_1_506' title='bbox 1390 3102 1607 3138; x_wconf 84' lang='lat' dir='ltr'>asymptotum.</span> 
     </span>
    </p>
   </div>
  </div>
 </body>
</html>
