2066 3548
241 263 295 299 42
649 255 1100 300 PHILOSOPHIAE
1131 255 1492 300 NATURALIS
1578 255 1724 308 [Mo'r.
1743 256 1941 299 Commi.

582 439 958 482 PROPOSITIO
989 439 1065 481 VI.
1126 438 1485 483 THEOREMA
1518 439 1594 481 IV.

241 555 420 608 Corpora
440 555 634 608 sphaerica
653 555 887 609 homogenea
907 561 945 595 et
962 555 1148 609 aequalia,
1171 555 1404 595 resistentiis
1425 556 1467 595 in
1484 551 1689 608 duplicata
1704 555 1862 596 ratione
1875 567 1938 596 ve-

292 626 494 665 locitatum
515 625 718 678 impedita,
739 630 778 665 et
796 625 889 665 solis
908 625 1059 666 viribus
1087 626 1220 665 insitis
1249 626 1432 674 incitata,
1468 624 1704 678 temporibus
1732 614 1822 678 qua?
1847 631 1939 666 sunt

292 694 490 750 reciproce
509 703 553 737 ut
573 698 797 738 velocitates
825 696 893 737 sub
924 698 1055 746 initio,
1093 697 1315 738 describunt
1341 712 1489 752 semper
1518 698 1692 752 cequalia
1720 698 1868 751 spatia,
1899 703 1938 738 et

292 771 480 810 amittunt
491 776 633 823 partes
652 771 898 811 velocitatum
911 770 1235 823 proportionales
1249 771 1354 812 totis.

292 882 550 940 Asymptotis
566 884 813 941 rectangulis
831 883 867 925 C
881 884 938 933 D,
958 883 995 924 C
1011 883 1058 924 H

235 954 438 1009 descript&
459 954 686 1011 hyperbol&
708 954 851 1010 qufivis
875 955 912 996 B
929 955 956 996 b
974 954 1011 996 E
1036 969 1060 996 e

234 1034 397 1069 secante
438 1025 733 1081 perpendicula
785 1026 823 1067 A
857 1025 907 1076 B,
950 1040 974 1066 a
1012 1025 1054 1076 b,

235 1096 281 1138 D
299 1097 349 1147 E,
372 1097 400 1138 d
417 1112 452 1147 e,
467 1097 511 1137 in
529 1097 579 1147 B,
594 1097 635 1147 b,
656 1097 707 1146 E,
726 1111 760 1146 e,
785 1097 831 1151 (Γ)
849 1111 1060 1151 exponan-

234 1174 303 1209 tur
323 1168 558 1210 velocitates
578 1168 754 1210 initiales
787 1182 864 1223 per
883 1182 1060 1223 perpen-

233 1238 371 1280 dicula
406 1240 447 1281 A
469 1240 519 1290 B,
543 1240 587 1281 D
610 1227 660 1289 E,
702 1247 744 1280 et
769 1246 957 1293 tempora
984 1253 1060 1294 per

232 1310 362 1352 lineas
393 1311 435 1351 A
454 1325 491 1360 a,
518 1310 563 1352 D
584 1309 625 1351 d.
686 1309 764 1351 Est
784 1323 884 1366 ergo
903 1318 950 1351 ut
970 1310 1011 1351 A
1030 1325 1056 1351 a
1117 1344 1121 1348 .

232 1381 287 1423 ad
322 1382 366 1424 D
387 1381 415 1423 d
444 1382 501 1423 ita
538 1384 630 1436 (per
649 1381 914 1437 hypothesin)
951 1381 995 1423 D
1019 1381 1056 1422 E

233 1452 287 1494 ad
308 1453 349 1494 A
372 1453 423 1503 B,
447 1460 488 1494 et
507 1452 565 1494 ita
587 1453 632 1507 (ἵ)
649 1455 719 1507 (ex
739 1451 886 1493 natura
906 1452 1057 1507 hyper-

230 1524 356 1576 bolae)
377 1525 412 1566 C
429 1524 470 1565 A
490 1524 544 1564 ad
559 1523 595 1565 C
609 1524 671 1573 D;
693 1531 735 1565 et
754 1523 1054 1579 componendo,

230 1597 288 1638 ita
330 1596 367 1637 C
402 1608 430 1636 a'
461 1595 513 1636 ad
548 1594 584 1636 C
616 1595 657 1636 d.
717 1595 769 1650 (¹¹)
803 1595 919 1651 Ergo
947 1610 1055 1636 areae

232 1668 273 1710 A
295 1669 332 1710 B
352 1669 380 1710 b
401 1685 438 1720 a,
461 1670 506 1712 D
529 1671 567 1712 E
587 1685 610 1711 e
630 1670 671 1720 d,
698 1670 779 1711 hoc
800 1678 874 1720 est,
898 1670 1028 1725 spatia
1048 1670 1255 1725 descripta
1274 1678 1490 1727 aequantur
1509 1671 1617 1713 inter
1637 1686 1693 1722 se,
1725 1679 1767 1714 et
1786 1673 1937 1715 veloci-

231 1747 334 1782 tates
346 1741 492 1795 primae
513 1742 554 1783 A
579 1742 630 1792 B,
653 1742 697 1783 D
720 1741 758 1783 E
779 1748 876 1783 sunt
895 1742 1046 1783 ultimis
1067 1743 1144 1792 ab,
1167 1742 1194 1783 d
1211 1758 1246 1794 e,
1268 1751 1310 1784 et
1329 1752 1548 1798 propterea
1567 1744 1789 1786 dividendo
1808 1745 1936 1800 parti-

228 1812 306 1854 bus
327 1813 449 1854 etiam
471 1814 554 1855 suis
575 1812 733 1854 amissis
755 1814 795 1855 A
814 1813 851 1855 B
865 1838 921 1846 -
940 1830 965 1856 a
985 1814 1025 1864 b,
1049 1814 1093 1856 D
1116 1814 1154 1856 E
1174 1839 1231 1847 —
1250 1815 1278 1856 d
1299 1831 1323 1857 e
1351 1817 1694 1871 proportionales.
1755 1818 1812 1868 Q.
1833 1832 1869 1859 e.
1890 1817 1932 1861 d.

1146 1564 1180 1602 C
1349 1567 1444 1605 Aa
1690 1576 1729 1612 1)
1810 1547 1910 1624 dv*

565 2000 936 2045 PROPOSITIO
968 2003 1068 2044 VII.
1131 2003 1492 2047 THEOREMA
1523 2006 1576 2046 V.

231 2132 411 2185 Cmpora
430 2134 626 2186 splzcerica
648 2134 786 2188 quibus
804 2135 1003 2176 resistitur
1023 2135 1066 2175 in
1087 2134 1292 2188 duplicata
1311 2137 1470 2176 ratione
1490 2137 1750 2186 velocitatum‚
1786 2142 1933 2190 tempo-

282 2205 401 2254 ribus,
424 2218 511 2258 quae
530 2211 620 2246 sunt
638 2212 682 2246 ut
700 2211 823 2246 motus
834 2206 964 2258 primi
984 2202 1131 2245 directe
1149 2212 1187 2250 et
1206 2207 1442 2247 resistentioe
1451 2206 1600 2259 primae
1619 2203 1782 2255 inverse,
1813 2206 1933 2246 amit-

283 2281 367 2315 tent
394 2282 534 2328 partes
567 2282 735 2316 motuum
764 2277 1088 2328 proportionales
1107 2276 1212 2326 totis,
1247 2283 1286 2317 et
1304 2278 1439 2330 spatia
1459 2277 1677 2318 describent
1695 2276 1932 2330 temporibus

283 2345 370 2386 istis
390 2352 428 2386 et
447 2346 716 2386 velocitatibus
729 2347 876 2398 primis
895 2345 1130 2399 conjunctim
1142 2347 1484 2399 proportionalia.

284 2457 337 2511 (¹)
369 2456 561 2512 Namque
581 2463 770 2497 motuum
789 2463 927 2510 partes
949 2455 1107 2496 amissae
1128 2463 1224 2496 sunt
1243 2463 1289 2496 ut
1308 2454 1548 2496 resistentiae
1568 2463 1610 2496 et
1625 2463 1812 2509 tempora
1831 2469 1931 2496 con-

220 2530 409 2584 junctim.
470 2528 603 2585 Igitur
624 2536 669 2569 ut
687 2535 824 2583 partes
845 2527 926 2568 illae
948 2527 1031 2568 sint
1051 2527 1146 2567 totis
1166 2527 1508 2581 oroportionales,
1541 2526 1708 2568 debebit
1739 2527 1930 2568 resisten-

227 2601 282 2641 tia
302 2609 342 2642 et
362 2608 522 2655 tempus
542 2599 794 2654 conjunctim
816 2612 904 2640 esse
931 2605 978 2638 ut
997 2605 1145 2639 motus.
1208 2597 1389 2639 Proinde
1421 2605 1583 2652 tempus
1618 2597 1696 2639 erit
1716 2605 1761 2638 ut
1792 2607 1931 2646 motus

272 2741 315 2781 (')
347 2744 364 2761 '¹‘
402 2730 607 2782 Exponantur
635 2743 797 2773 velocitates
831 2742 969 2778 initiales,
999 2742 1054 2772 &c.
1099 2740 1132 2770 in
1148 2739 1210 2771 fine
1224 2740 1348 2772 illorum
1362 2746 1537 2779 temporum
1552 2738 1682 2770 residuae
1693 2749 1748 2778 per
1762 2739 1857 2772 lineas
1870 2741 1928 2778 ab,

231 2782 314 2814 Cum
341 2783 422 2813 enim
447 2795 572 2823 corpora
595 2784 658 2816 duo
680 2784 792 2814 similia
816 2784 1007 2824 homogenea
1029 2789 1059 2813 et
1101 2782 1122 2812 d
1136 2793 1163 2820 e,
1187 2789 1218 2813 et
1231 2783 1328 2822 spatia
1340 2782 1388 2812 his
1402 2781 1590 2821 temporibus
1609 2781 1759 2820 descripta
1779 2792 1833 2823 per
1846 2793 1931 2814 areas

228 2825 358 2865 aequaliu
372 2833 593 2865 supponantur,
619 2836 726 2857 eorum
748 2832 851 2856 motus
873 2825 1055 2856 considerari
1098 2824 1307 2863 hyperbolicas
1323 2826 1353 2854 A
1369 2825 1397 2854 B
1413 2825 1433 2854 b
1447 2834 1475 2861 a,
1495 2823 1527 2854 D
1545 2823 1574 2853 E
1589 2833 1606 2853 e
1621 2823 1652 2853 d.

227 2873 357 2906 possunt
381 2874 525 2908 tanquam
549 2875 651 2899 motus
666 2868 760 2898 unius
774 2867 972 2908 ejusdemque
987 2878 1054 2898 cor·
1142 2867 1184 2908 (ἴ)
1203 2870 1225 2907 Δ*
1251 2869 1301 2899 E:
1315 2865 1429 2898 natura
1444 2867 1614 2907 layperbolae.
1641 2865 1721 2907 (Per
1737 2866 1848 2898 Theor.
1862 2867 1926 2899 IV.

227 2909 309 2948 poris
324 2909 413 2940 variis
428 2910 588 2941 celeritatis
603 2910 748 2951 gradibus
762 2910 820 2940 acti
844 2912 894 2951 (ut
909 2910 941 2939 in
960 2910 1053 2949 Prop.
1101 2908 1139 2939 de
1157 2908 1316 2948 Hyperb.)

229 2951 288 2991 V.)
308 2951 447 2992 ,ideoque
475 2954 543 2993 (per
567 2953 669 2983 Corol.
701 2957 725 2983 Ι.
748 2953 839 2991 Prop.
861 2952 920 2991 V.)
945 2951 1056 2982 veloci-
1144 2951 1190 2992 (¹¹)
1208 2954 1224 2971 ²*
1244 2950 1327 2991 Ergo
1342 2961 1421 2981 areae
1435 2951 1465 2981 A
1479 2951 1577 2987 Bba,
1591 2952 1623 2981 D
1640 2951 1673 2982 Ε
1680 2953 1734 2986 ed,
1746 2950 1834 2991 (378.
1848 2950 1919 2983 Lib.

226 2999 304 3024 tates
326 2993 460 3024 initiales
485 2995 597 3033 exponi
620 3001 749 3034 possunt
771 3005 824 3035 per
846 2994 943 3024 lineas
967 2995 997 3024 A
1017 2994 1055 3030 B,
1102 2992 1149 3032 1.)

229 3036 262 3067 D
279 3036 321 3074 E,
337 3043 474 3076 tempora
495 3047 549 3076 per
570 3037 664 3068 lineas
683 3038 711 3068 A
728 3049 757 3076 a,
782 3038 814 3069 D
830 3036 860 3073 d,
883 3035 1057 3068 velocitates
1075 3029 1092 3053 ⁶
1144 3035 1192 3078 (Σ)
1205 3038 1221 3056 *
1237 3037 1382 3077 Namque
1396 3041 1535 3068 motuum
1540 3040 1642 3076 partes
1651 3035 1777 3080 amissa,
1790 3035 1846 3066 διο.
1861 3034 1929 3078 (2.)
