<?xml version="1.0" encoding="UTF-8"?>
<!DOCTYPE html PUBLIC "-//W3C//DTD XHTML 1.0 Transitional//EN"
    "http://www.w3.org/TR/xhtml1/DTD/xhtml1-transitional.dtd">
<html xmlns="http://www.w3.org/1999/xhtml" xml:lang="en" lang="en">
 <head>
  <title>
</title>
<meta http-equiv="Content-Type" content="text/html;charset=utf-8" />
  <meta name='ocr-system' content='tesseract 3.04.00' />
  <meta name='ocr-capabilities' content='ocr_page ocr_carea ocr_par ocr_line ocrx_word'/>
</head>
<body>
  <div class='ocr_page' id='page_1' title='image "./philosophiaenatu02newtuoft_0066.png"; bbox 0 0 2066 3548; ppageno 0'>
   <div class='ocr_carea' id='block_1_1' title="bbox 238 225 1931 282">
    <p class='ocr_par' dir='ltr' id='par_1_1' title="bbox 238 225 1931 282">
     <span class='ocr_line' id='line_1_1' title="bbox 238 225 1931 282; baseline 0.004 -16"><span class='ocrx_word' id='word_1_1' title='bbox 238 227 292 266; x_wconf 79' lang='lat'><strong>52</strong></span> <span class='ocrx_word' id='word_1_2' title='bbox 660 225 1110 270; x_wconf 86' lang='lat' dir='ltr'>PHILOSOPHIAE</span> <span class='ocrx_word' id='word_1_3' title='bbox 1141 226 1500 272; x_wconf 87' lang='lat' dir='ltr'>NATURALIS</span> <span class='ocrx_word' id='word_1_4' title='bbox 1573 228 1716 282; x_wconf 67' lang='lat' dir='ltr'>[Mor.</span> <span class='ocrx_word' id='word_1_5' title='bbox 1730 228 1931 275; x_wconf 66' lang='lat' dir='ltr'><strong>Commu,</strong></span> 
     </span>
    </p>
   </div>
   <div class='ocr_carea' id='block_1_2' title="bbox 559 393 1616 439">
    <p class='ocr_par' dir='ltr' id='par_1_2' title="bbox 559 393 1616 439">
     <span class='ocr_line' id='line_1_2' title="bbox 559 393 1616 439; baseline 0.001 -3"><span class='ocrx_word' id='word_1_6' title='bbox 559 393 934 437; x_wconf 90' lang='lat' dir='ltr'>PROPOSITIO</span> <span class='ocrx_word' id='word_1_7' title='bbox 974 395 1056 437; x_wconf 90' lang='lat' dir='ltr'><strong>IX.</strong></span> <span class='ocrx_word' id='word_1_8' title='bbox 1117 394 1476 439; x_wconf 89' lang='lat' dir='ltr'>THEOREMA</span> <span class='ocrx_word' id='word_1_9' title='bbox 1515 395 1616 437; x_wconf 89' lang='lat' dir='ltr'>V11.</span> 
     </span>
    </p>
   </div>
   <div class='ocr_carea' id='block_1_3' title="bbox 228 522 1933 860">
    <p class='ocr_par' dir='ltr' id='par_1_3' title="bbox 228 522 1933 860">
     <span class='ocr_line' id='line_1_3' title="bbox 228 522 1932 581; baseline 0.001 -16"><span class='ocrx_word' id='word_1_10' title='bbox 228 522 385 566; x_wconf 69' lang='lat' dir='ltr'><strong>Positis</strong></span> <span class='ocrx_word' id='word_1_11' title='bbox 388 523 481 578; x_wconf 81' lang='lat' dir='ltr'><strong>jam</strong></span> <span class='ocrx_word' id='word_1_12' title='bbox 500 525 788 576; x_wconf 82' lang='lat' dir='ltr'><strong>demonstratis,</strong></span> <span class='ocrx_word' id='word_1_13' title='bbox 810 527 899 567; x_wconf 81' lang='lat' dir='ltr'><strong>dico</strong></span> <span class='ocrx_word' id='word_1_14' title='bbox 918 523 1034 580; x_wconf 69' lang='lat' dir='ltr'>qubd,</span> <span class='ocrx_word' id='word_1_15' title='bbox 1063 527 1100 567; x_wconf 85' lang='lat' dir='ltr'><strong>si</strong></span> <span class='ocrx_word' id='word_1_16' title='bbox 1118 533 1321 581; x_wconf 81' lang='lat' dir='ltr'><em>tangentes</em></span> <span class='ocrx_word' id='word_1_17' title='bbox 1339 527 1570 581; x_wconf 73' lang='lat' dir='ltr'><strong>angulorum</strong></span> <span class='ocrx_word' id='word_1_18' title='bbox 1590 524 1748 567; x_wconf 83' lang='lat' dir='ltr'><strong>sectoris</strong></span> <span class='ocrx_word' id='word_1_19' title='bbox 1765 526 1932 567; x_wconf 84' lang='lat' dir='ltr'><strong>circula-</strong></span> 
     </span>
     <span class='ocr_line' id='line_1_4' title="bbox 286 596 1933 651; baseline 0.001 -14"><span class='ocrx_word' id='word_1_20' title='bbox 286 596 346 637; x_wconf 87' lang='lat' dir='ltr'><strong>ris</strong></span> <span class='ocrx_word' id='word_1_21' title='bbox 366 602 404 637; x_wconf 85' lang='lat' dir='ltr'><strong>et</strong></span> <span class='ocrx_word' id='word_1_22' title='bbox 422 597 582 638; x_wconf 78' lang='lat' dir='ltr'><strong>sectoris</strong></span> <span class='ocrx_word' id='word_1_23' title='bbox 600 597 842 651; x_wconf 71' lang='lat' dir='ltr'><strong>hyperbolicz&#39;</strong></span> <span class='ocrx_word' id='word_1_24' title='bbox 860 602 1064 638; x_wconf 79' lang='lat' dir='ltr'><em>sumantur</em></span> <span class='ocrx_word' id='word_1_25' title='bbox 1092 597 1359 638; x_wconf 80' lang='lat' dir='ltr'><strong>velocitatibus</strong></span> <span class='ocrx_word' id='word_1_26' title='bbox 1378 597 1714 651; x_wconf 57' lang='lat' dir='ltr'><strong>popm-tionales,</strong></span> <span class='ocrx_word' id='word_1_27' title='bbox 1746 596 1933 638; x_wconf 71' lang='lat' dir='ltr'><strong>eaeistente</strong></span> 
     </span>
     <span class='ocr_line' id='line_1_5' title="bbox 285 664 1932 721; baseline 0 -14"><span class='ocrx_word' id='word_1_28' title='bbox 285 667 405 707; x_wconf 82' lang='lat' dir='ltr'><em>radio</em></span> <span class='ocrx_word' id='word_1_29' title='bbox 410 666 536 720; x_wconf 82' lang='lat' dir='ltr'><strong>justae</strong></span> <span class='ocrx_word' id='word_1_30' title='bbox 554 668 867 721; x_wconf 49' lang='lat' dir='ltr'><strong>magnitudinis?</strong></span> <span class='ocrx_word' id='word_1_31' title='bbox 889 668 967 708; x_wconf 84' lang='lat' dir='ltr'><strong>erit</strong></span> <span class='ocrx_word' id='word_1_32' title='bbox 987 673 1134 721; x_wconf 80' lang='lat' dir='ltr'><strong>tempus</strong></span> <span class='ocrx_word' id='word_1_33' title='bbox 1153 681 1263 708; x_wconf 85' lang='lat' dir='ltr'><strong>omne</strong></span> <span class='ocrx_word' id='word_1_34' title='bbox 1282 668 1518 708; x_wconf 83' lang='lat' dir='ltr'><strong>ascendendi</strong></span> <span class='ocrx_word' id='word_1_35' title='bbox 1537 666 1594 706; x_wconf 84' lang='lat' dir='ltr'><strong>ad</strong></span> <span class='ocrx_word' id='word_1_36' title='bbox 1610 664 1732 706; x_wconf 81' lang='lat' dir='ltr'><strong>locum</strong></span> <span class='ocrx_word' id='word_1_37' title='bbox 1750 678 1932 707; x_wconf 84' lang='lat' dir='ltr'><strong>summum</strong></span> 
     </span>
     <span class='ocr_line' id='line_1_6' title="bbox 287 736 1932 792; baseline -0.001 -15"><span class='ocrx_word' id='word_1_38' title='bbox 287 743 333 777; x_wconf 82' lang='lat' dir='ltr'><strong>ut</strong></span> <span class='ocrx_word' id='word_1_39' title='bbox 350 743 476 778; x_wconf 83' lang='lat' dir='ltr'><strong>sector</strong></span> <span class='ocrx_word' id='word_1_40' title='bbox 503 736 654 788; x_wconf 83' lang='lat' dir='ltr'><strong>circuli,</strong></span> <span class='ocrx_word' id='word_1_41' title='bbox 686 744 725 779; x_wconf 82' lang='lat' dir='ltr'><strong>et</strong></span> <span class='ocrx_word' id='word_1_42' title='bbox 752 744 900 792; x_wconf 79' lang='lat' dir='ltr'><strong>tempus</strong></span> <span class='ocrx_word' id='word_1_43' title='bbox 927 752 1038 779; x_wconf 83' lang='lat' dir='ltr'><strong>omne</strong></span> <span class='ocrx_word' id='word_1_44' title='bbox 1066 737 1323 779; x_wconf 82' lang='lat' dir='ltr'><strong>descendendi</strong></span> <span class='ocrx_word' id='word_1_45' title='bbox 1333 752 1368 778; x_wconf 75' lang='lat' dir='ltr'><strong><em>a</em></strong></span> <span class='ocrx_word' id='word_1_46' title='bbox 1386 739 1470 779; x_wconf 83' lang='lat' dir='ltr'><strong>loco</strong></span> <span class='ocrx_word' id='word_1_47' title='bbox 1489 750 1631 778; x_wconf 81' lang='lat' dir='ltr'><strong>summo</strong></span> <span class='ocrx_word' id='word_1_48' title='bbox 1648 741 1693 776; x_wconf 83' lang='lat' dir='ltr'><strong>ut</strong></span> <span class='ocrx_word' id='word_1_49' title='bbox 1711 741 1834 777; x_wconf 87' lang='lat' dir='ltr'><strong>sector</strong></span> <span class='ocrx_word' id='word_1_50' title='bbox 1860 736 1932 791; x_wconf 72' lang='lat' dir='ltr'><strong>hy-</strong></span> 
     </span>
     <span class='ocr_line' id='line_1_7' title="bbox 277 807 468 860; baseline 0.005 -13"><span class='ocrx_word' id='word_1_51' title='bbox 277 807 468 860; x_wconf 75' lang='lat' dir='ltr'><strong>perbolae.</strong></span> 
     </span>
    </p>
   </div>
   <div class='ocr_carea' id='block_1_4' title="bbox 228 935 1929 1064">
    <p class='ocr_par' dir='ltr' id='par_1_4' title="bbox 228 935 1929 1064">
     <span class='ocr_line' id='line_1_8' title="bbox 289 935 1929 995; baseline -0.001 -17"><span class='ocrx_word' id='word_1_52' title='bbox 289 936 433 978; x_wconf 84' lang='lat' dir='ltr'><strong>Rectae</strong></span> <span class='ocrx_word' id='word_1_53' title='bbox 460 938 502 978; x_wconf 94' lang='lat' dir='ltr'>A</span> <span class='ocrx_word' id='word_1_54' title='bbox 523 936 574 987; x_wconf 88' lang='lat' dir='ltr'><strong>C,</strong></span> <span class='ocrx_word' id='word_1_55' title='bbox 605 937 685 994; x_wconf 59' lang='lat' dir='ltr'><strong>qu&amp;</strong></span> <span class='ocrx_word' id='word_1_56' title='bbox 716 938 775 980; x_wconf 86' lang='lat' dir='ltr'><strong>vis</strong></span> <span class='ocrx_word' id='word_1_57' title='bbox 804 938 1014 995; x_wconf 86' lang='lat' dir='ltr'><strong>gravitatis</strong></span> <span class='ocrx_word' id='word_1_58' title='bbox 1041 937 1275 992; x_wconf 86' lang='lat' dir='ltr'>exponitur,</span> <span class='ocrx_word' id='word_1_59' title='bbox 1307 935 1657 992; x_wconf 86' lang='lat' dir='ltr'>perpendicularis</span> <span class='ocrx_word' id='word_1_60' title='bbox 1689 943 1733 977; x_wconf 86' lang='lat' dir='ltr'><strong>et</strong></span> <span class='ocrx_word' id='word_1_61' title='bbox 1762 935 1929 991; x_wconf 73' lang='lat' dir='ltr'><strong>aequalis</strong></span> 
     </span>
     <span class='ocr_line' id='line_1_9' title="bbox 228 1007 1928 1064; baseline 0.001 -16"><span class='ocrx_word' id='word_1_62' title='bbox 228 1007 403 1050; x_wconf 83' lang='lat' dir='ltr'><strong>ducatur</strong></span> <span class='ocrx_word' id='word_1_63' title='bbox 424 1008 464 1050; x_wconf 94' lang='lat' dir='ltr'>A</span> <span class='ocrx_word' id='word_1_64' title='bbox 483 1008 542 1050; x_wconf 89' lang='lat' dir='ltr'><strong>D.</strong></span> <span class='ocrx_word' id='word_1_65' title='bbox 603 1009 761 1051; x_wconf 84' lang='lat' dir='ltr'><strong>Centro</strong></span> <span class='ocrx_word' id='word_1_66' title='bbox 781 1010 826 1052; x_wconf 96' lang='lat' dir='ltr'>D</span> <span class='ocrx_word' id='word_1_67' title='bbox 847 1010 1148 1051; x_wconf 85' lang='lat' dir='ltr'><strong>semidiametro</strong></span> <span class='ocrx_word' id='word_1_68' title='bbox 1170 1010 1208 1051; x_wconf 92' lang='lat' dir='ltr'>A</span> <span class='ocrx_word' id='word_1_69' title='bbox 1223 1010 1267 1051; x_wconf 94' lang='lat' dir='ltr'>D</span> <span class='ocrx_word' id='word_1_70' title='bbox 1287 1008 1542 1050; x_wconf 84' lang='lat' dir='ltr'><strong>describatur</strong></span> <span class='ocrx_word' id='word_1_71' title='bbox 1561 1016 1650 1050; x_wconf 91' lang='lat' dir='ltr'><strong>tum</strong></span> <span class='ocrx_word' id='word_1_72' title='bbox 1669 1007 1810 1050; x_wconf 88' lang='lat' dir='ltr'><strong>circuli</strong></span> <span class='ocrx_word' id='word_1_73' title='bbox 1829 1020 1928 1064; x_wconf 79' lang='lat' dir='ltr'><strong>qua·</strong></span> 
     </span>
    </p>
   </div>
   <div class='ocr_carea' id='block_1_5' title="bbox 144 1078 1927 1145">
    <p class='ocr_par' dir='ltr' id='par_1_5' title="bbox 144 1078 1927 1145">
     <span class='ocr_line' id='line_1_10' title="bbox 144 1078 1927 1145; baseline -0.001 -23"><span class='ocrx_word' id='word_1_74' title='bbox 144 1141 148 1145; x_wconf 67' lang='lat'>,</span> <span class='ocrx_word' id='word_1_75' title='bbox 229 1079 353 1122; x_wconf 77' lang='lat' dir='ltr'><strong>drans</strong></span> <span class='ocrx_word' id='word_1_76' title='bbox 373 1080 414 1122; x_wconf 97' lang='lat' dir='ltr'>A</span> <span class='ocrx_word' id='word_1_77' title='bbox 435 1088 452 1122; x_wconf 90' lang='lat' dir='ltr'><strong>t</strong></span> <span class='ocrx_word' id='word_1_78' title='bbox 473 1080 534 1132; x_wconf 86' lang='lat' dir='ltr'><strong>E3</strong></span> <span class='ocrx_word' id='word_1_79' title='bbox 569 1088 657 1123; x_wconf 89' lang='lat' dir='ltr'><strong>tum</strong></span> <span class='ocrx_word' id='word_1_80' title='bbox 682 1080 912 1138; x_wconf 84' lang='lat' dir='ltr'><strong>hyperbola</strong></span> <span class='ocrx_word' id='word_1_81' title='bbox 930 1081 1168 1139; x_wconf 84' lang='lat' dir='ltr'><strong>rectangula</strong></span> <span class='ocrx_word' id='word_1_82' title='bbox 1188 1081 1229 1123; x_wconf 92' lang='lat' dir='ltr'>A</span> <span class='ocrx_word' id='word_1_83' title='bbox 1253 1081 1294 1123; x_wconf 95' lang='lat' dir='ltr'>V</span> <span class='ocrx_word' id='word_1_84' title='bbox 1316 1081 1350 1123; x_wconf 93' lang='lat' dir='ltr'>Z</span> <span class='ocrx_word' id='word_1_85' title='bbox 1368 1094 1490 1123; x_wconf 83' lang='lat' dir='ltr'><strong>axem</strong></span> <span class='ocrx_word' id='word_1_86' title='bbox 1508 1079 1665 1122; x_wconf 81' lang='lat' dir='ltr'><strong>habens</strong></span> <span class='ocrx_word' id='word_1_87' title='bbox 1686 1080 1728 1122; x_wconf 84' lang='lat' dir='ltr'>A</span> <span class='ocrx_word' id='word_1_88' title='bbox 1748 1078 1808 1131; x_wconf 89' lang='lat' dir='ltr'><strong>X,</strong></span> <span class='ocrx_word' id='word_1_89' title='bbox 1837 1093 1927 1122; x_wconf 85' lang='lat' dir='ltr'><strong>ver-</strong></span> 
     </span>
    </p>
   </div>
   <div class='ocr_carea' id='block_1_6' title="bbox 369 1193 1767 2376">
    <p class='ocr_par' dir='ltr' id='par_1_6' title="bbox 369 1193 1767 2376">
     <span class='ocr_line' id='line_1_11' title="bbox 369 1193 1767 2376; baseline 0 0"><span class='ocrx_word' id='word_1_90' title='bbox 369 1193 1767 2376; x_wconf 95' lang='lat' dir='ltr'><strong> </strong></span> 
     </span>
    </p>
   </div>
   <div class='ocr_carea' id='block_1_7' title="bbox 218 2427 1916 2918">
    <p class='ocr_par' dir='ltr' id='par_1_7' title="bbox 218 2427 1916 2695">
     <span class='ocr_line' id='line_1_12' title="bbox 219 2427 1916 2488; baseline -0.001 -12"><span class='ocrx_word' id='word_1_91' title='bbox 219 2435 342 2476; x_wconf 90' lang='lat' dir='ltr'><strong>ticem</strong></span> <span class='ocrx_word' id='word_1_92' title='bbox 360 2430 627 2488; x_wconf 81' lang='lat' dir='ltr'><strong>principalem</strong></span> <span class='ocrx_word' id='word_1_93' title='bbox 648 2429 702 2479; x_wconf 92' lang='lat' dir='ltr'><strong>A,</strong></span> <span class='ocrx_word' id='word_1_94' title='bbox 724 2435 765 2470; x_wconf 87' lang='lat' dir='ltr'><strong>et</strong></span> <span class='ocrx_word' id='word_1_95' title='bbox 784 2434 1046 2484; x_wconf 78' lang='lat' dir='ltr'><strong>asymptoton</strong></span> <span class='ocrx_word' id='word_1_96' title='bbox 1074 2427 1120 2469; x_wconf 93' lang='lat' dir='ltr'>D</span> <span class='ocrx_word' id='word_1_97' title='bbox 1142 2427 1192 2468; x_wconf 91' lang='lat' dir='ltr'><strong>C.</strong></span> <span class='ocrx_word' id='word_1_98' title='bbox 1251 2428 1471 2471; x_wconf 84' lang='lat' dir='ltr'><strong>Ducantur</strong></span> <span class='ocrx_word' id='word_1_99' title='bbox 1500 2431 1544 2473; x_wconf 95' lang='lat' dir='ltr'>D</span> <span class='ocrx_word' id='word_1_100' title='bbox 1562 2446 1604 2487; x_wconf 92' lang='lat' dir='ltr'><strong>p,</strong></span> <span class='ocrx_word' id='word_1_101' title='bbox 1627 2432 1671 2475; x_wconf 94' lang='lat' dir='ltr'>D</span> <span class='ocrx_word' id='word_1_102' title='bbox 1692 2434 1742 2486; x_wconf 91' lang='lat' dir='ltr'><strong>P,</strong></span> <span class='ocrx_word' id='word_1_103' title='bbox 1778 2444 1820 2479; x_wconf 90' lang='lat' dir='ltr'><strong>et</strong></span> <span class='ocrx_word' id='word_1_104' title='bbox 1837 2437 1916 2480; x_wconf 84' lang='lat' dir='ltr'><strong>erit</strong></span> 
     </span>
     <span class='ocr_line' id='line_1_13' title="bbox 219 2498 1915 2559; baseline 0 -13"><span class='ocrx_word' id='word_1_105' title='bbox 219 2511 353 2546; x_wconf 87' lang='lat' dir='ltr'><strong>sector</strong></span> <span class='ocrx_word' id='word_1_106' title='bbox 372 2500 580 2544; x_wconf 84' lang='lat' dir='ltr'><strong>circularis</strong></span> <span class='ocrx_word' id='word_1_107' title='bbox 597 2499 636 2541; x_wconf 97' lang='lat' dir='ltr'>A</span> <span class='ocrx_word' id='word_1_108' title='bbox 657 2506 675 2540; x_wconf 90' lang='lat' dir='ltr'><strong>t</strong></span> <span class='ocrx_word' id='word_1_109' title='bbox 693 2498 738 2540; x_wconf 96' lang='lat' dir='ltr'>D</span> <span class='ocrx_word' id='word_1_110' title='bbox 759 2506 805 2539; x_wconf 88' lang='lat' dir='ltr'><strong>ut</strong></span> <span class='ocrx_word' id='word_1_111' title='bbox 826 2506 987 2551; x_wconf 82' lang='lat' dir='ltr'><strong>tempus</strong></span> <span class='ocrx_word' id='word_1_112' title='bbox 1007 2498 1407 2539; x_wconf 59' lang='lat' dir='ltr'><strong>omnerascendendi</strong></span> <span class='ocrx_word' id='word_1_113' title='bbox 1435 2500 1489 2541; x_wconf 84' lang='lat' dir='ltr'><strong>ad</strong></span> <span class='ocrx_word' id='word_1_114' title='bbox 1517 2501 1654 2544; x_wconf 88' lang='lat' dir='ltr'><strong>locum</strong></span> <span class='ocrx_word' id='word_1_115' title='bbox 1687 2519 1915 2559; x_wconf 72' lang='lat' dir='ltr'><strong>summumg</strong></span> 
     </span>
     <span class='ocr_line' id='line_1_14' title="bbox 218 2566 1914 2627; baseline 0.002 -12"><span class='ocrx_word' id='word_1_116' title='bbox 218 2582 261 2615; x_wconf 85' lang='lat' dir='ltr'><strong>et</strong></span> <span class='ocrx_word' id='word_1_117' title='bbox 280 2580 410 2614; x_wconf 89' lang='lat' dir='ltr'><strong>sector</strong></span> <span class='ocrx_word' id='word_1_118' title='bbox 429 2568 718 2627; x_wconf 87' lang='lat' dir='ltr'><strong>hyperbolicus</strong></span> <span class='ocrx_word' id='word_1_119' title='bbox 739 2567 780 2608; x_wconf 95' lang='lat' dir='ltr'>A</span> <span class='ocrx_word' id='word_1_120' title='bbox 802 2566 843 2608; x_wconf 96' lang='lat' dir='ltr'>T</span> <span class='ocrx_word' id='word_1_121' title='bbox 862 2566 907 2609; x_wconf 96' lang='lat' dir='ltr'>D</span> <span class='ocrx_word' id='word_1_122' title='bbox 927 2573 974 2607; x_wconf 86' lang='lat' dir='ltr'><strong>ut</strong></span> <span class='ocrx_word' id='word_1_123' title='bbox 1003 2573 1165 2621; x_wconf 86' lang='lat' dir='ltr'><strong>tempus</strong></span> <span class='ocrx_word' id='word_1_124' title='bbox 1192 2581 1314 2608; x_wconf 92' lang='lat' dir='ltr'><strong>omne</strong></span> <span class='ocrx_word' id='word_1_125' title='bbox 1343 2568 1618 2612; x_wconf 90' lang='lat' dir='ltr'><strong>descendendi</strong></span> <span class='ocrx_word' id='word_1_126' title='bbox 1638 2588 1662 2614; x_wconf 86' lang='lat' dir='ltr'>a</span> <span class='ocrx_word' id='word_1_127' title='bbox 1681 2573 1774 2616; x_wconf 92' lang='lat' dir='ltr'><strong>loco</strong></span> <span class='ocrx_word' id='word_1_128' title='bbox 1801 2590 1914 2619; x_wconf 89' lang='lat' dir='ltr'><strong>sum—</strong></span> 
     </span>
     <span class='ocr_line' id='line_1_15' title="bbox 219 2638 1681 2695; baseline -0.001 -8"><span class='ocrx_word' id='word_1_129' title='bbox 219 2660 310 2687; x_wconf 90' lang='lat' dir='ltr'><strong>mo:</strong></span> <span class='ocrx_word' id='word_1_130' title='bbox 344 2645 387 2686; x_wconf 92' lang='lat' dir='ltr'><strong>Si</strong></span> <span class='ocrx_word' id='word_1_131' title='bbox 406 2643 532 2685; x_wconf 91' lang='lat' dir='ltr'><strong>modo</strong></span> <span class='ocrx_word' id='word_1_132' title='bbox 552 2648 755 2683; x_wconf 87' lang='lat' dir='ltr'><strong>sectorum</strong></span> <span class='ocrx_word' id='word_1_133' title='bbox 774 2646 989 2695; x_wconf 86' lang='lat' dir='ltr'><strong>tangentes</strong></span> <span class='ocrx_word' id='word_1_134' title='bbox 1012 2638 1052 2679; x_wconf 90' lang='lat' dir='ltr'>A</span> <span class='ocrx_word' id='word_1_135' title='bbox 1071 2652 1114 2692; x_wconf 91' lang='lat' dir='ltr'><strong>p,</strong></span> <span class='ocrx_word' id='word_1_136' title='bbox 1137 2638 1178 2679; x_wconf 91' lang='lat' dir='ltr'>A</span> <span class='ocrx_word' id='word_1_137' title='bbox 1201 2638 1250 2687; x_wconf 87' lang='lat' dir='ltr'><strong>P,</strong></span> <span class='ocrx_word' id='word_1_138' title='bbox 1271 2639 1353 2680; x_wconf 90' lang='lat' dir='ltr'><strong>sint</strong></span> <span class='ocrx_word' id='word_1_139' title='bbox 1372 2648 1418 2681; x_wconf 90' lang='lat' dir='ltr'><strong>ut</strong></span> <span class='ocrx_word' id='word_1_140' title='bbox 1436 2641 1681 2687; x_wconf 87' lang='lat' dir='ltr'><strong>velocitates.</strong></span> 
     </span>
    </p>

    <p class='ocr_par' dir='ltr' id='par_1_8' title="bbox 219 2709 1913 2918">
     <span class='ocr_line' id='line_1_16' title="bbox 276 2709 1913 2778; baseline 0.003 -21"><span class='ocrx_word' id='word_1_141' title='bbox 276 2717 366 2757; x_wconf 86' lang='lat' dir='ltr'><strong>Cas.</strong></span> <span class='ocrx_word' id='word_1_142' title='bbox 401 2721 438 2755; x_wconf 90' lang='lat'><strong>1.</strong></span> <span class='ocrx_word' id='word_1_143' title='bbox 481 2714 643 2770; x_wconf 84' lang='lat' dir='ltr'>Agatur</span> <span class='ocrx_word' id='word_1_144' title='bbox 676 2710 786 2753; x_wconf 90' lang='lat' dir='ltr'><strong>enim</strong></span> <span class='ocrx_word' id='word_1_145' title='bbox 817 2710 861 2751; x_wconf 96' lang='lat' dir='ltr'>D</span> <span class='ocrx_word' id='word_1_146' title='bbox 887 2724 913 2750; x_wconf 88' lang='lat' dir='ltr'>v</span> <span class='ocrx_word' id='word_1_147' title='bbox 936 2724 965 2765; x_wconf 93' lang='lat' dir='ltr'>q</span> <span class='ocrx_word' id='word_1_148' title='bbox 995 2709 1239 2751; x_wconf 88' lang='lat' dir='ltr'><strong>abscindens</strong></span> <span class='ocrx_word' id='word_1_149' title='bbox 1271 2713 1439 2754; x_wconf 86' lang='lat' dir='ltr'><strong>sectoris</strong></span> <span class='ocrx_word' id='word_1_150' title='bbox 1471 2714 1512 2755; x_wconf 96' lang='lat' dir='ltr'>A</span> <span class='ocrx_word' id='word_1_151' title='bbox 1534 2714 1577 2758; x_wconf 95' lang='lat' dir='ltr'>D</span> <span class='ocrx_word' id='word_1_152' title='bbox 1598 2723 1616 2757; x_wconf 90' lang='lat' dir='ltr'><strong>t</strong></span> <span class='ocrx_word' id='word_1_153' title='bbox 1646 2725 1688 2758; x_wconf 86' lang='lat' dir='ltr'><strong>et</strong></span> <span class='ocrx_word' id='word_1_154' title='bbox 1718 2719 1913 2778; x_wconf 84' lang='lat' dir='ltr'><strong>trianguli</strong></span> 
     </span>
     <span class='ocr_line' id='line_1_17' title="bbox 220 2781 1913 2842; baseline 0.004 -14"><span class='ocrx_word' id='word_1_155' title='bbox 220 2787 260 2828; x_wconf 96' lang='lat' dir='ltr'>A</span> <span class='ocrx_word' id='word_1_156' title='bbox 281 2786 325 2827; x_wconf 91' lang='lat' dir='ltr'>D</span> <span class='ocrx_word' id='word_1_157' title='bbox 345 2799 373 2840; x_wconf 94' lang='lat' dir='ltr'>p</span> <span class='ocrx_word' id='word_1_158' title='bbox 393 2791 613 2835; x_wconf 81' lang='lat' dir='ltr'><strong>momenta,</strong></span> <span class='ocrx_word' id='word_1_159' title='bbox 645 2797 717 2824; x_wconf 88' lang='lat' dir='ltr'><strong>seu</strong></span> <span class='ocrx_word' id='word_1_160' title='bbox 735 2781 955 2836; x_wconf 82' lang='lat' dir='ltr'><strong>particulas</strong></span> <span class='ocrx_word' id='word_1_161' title='bbox 977 2795 1102 2836; x_wconf 87' lang='lat' dir='ltr'><strong>quam</strong></span> <span class='ocrx_word' id='word_1_162' title='bbox 1122 2781 1312 2824; x_wconf 84' lang='lat' dir='ltr'><strong>minimas</strong></span> <span class='ocrx_word' id='word_1_163' title='bbox 1333 2783 1453 2826; x_wconf 91' lang='lat' dir='ltr'><strong>simul</strong></span> <span class='ocrx_word' id='word_1_164' title='bbox 1473 2785 1695 2842; x_wconf 84' lang='lat' dir='ltr'><strong>descriptas</strong></span> <span class='ocrx_word' id='word_1_165' title='bbox 1716 2798 1734 2832; x_wconf 92' lang='lat' dir='ltr'><strong>t</strong></span> <span class='ocrx_word' id='word_1_166' title='bbox 1752 2791 1797 2833; x_wconf 97' lang='lat' dir='ltr'>D</span> <span class='ocrx_word' id='word_1_167' title='bbox 1815 2807 1843 2834; x_wconf 86' lang='lat' dir='ltr'>v</span> <span class='ocrx_word' id='word_1_168' title='bbox 1871 2800 1913 2835; x_wconf 90' lang='lat' dir='ltr'><strong>et</strong></span> 
     </span>
     <span class='ocr_line' id='line_1_18' title="bbox 219 2850 1911 2918; baseline 0 -23"><span class='ocrx_word' id='word_1_169' title='bbox 219 2871 247 2912; x_wconf 93' lang='lat' dir='ltr'>q</span> <span class='ocrx_word' id='word_1_170' title='bbox 268 2856 312 2898; x_wconf 93' lang='lat' dir='ltr'>D</span> <span class='ocrx_word' id='word_1_171' title='bbox 331 2869 373 2910; x_wconf 89' lang='lat' dir='ltr'><strong>p.</strong></span> <span class='ocrx_word' id='word_1_172' title='bbox 418 2853 525 2895; x_wconf 91' lang='lat' dir='ltr'><strong>Cum</strong></span> <span class='ocrx_word' id='word_1_173' title='bbox 543 2851 755 2909; x_wconf 87' lang='lat' dir='ltr'><strong>particulae</strong></span> <span class='ocrx_word' id='word_1_174' title='bbox 774 2850 868 2901; x_wconf 86' lang='lat' dir='ltr'><strong>illae,</strong></span> <span class='ocrx_word' id='word_1_175' title='bbox 890 2851 944 2892; x_wconf 93' lang='lat' dir='ltr'><strong>ob</strong></span> <span class='ocrx_word' id='word_1_176' title='bbox 965 2851 1163 2907; x_wconf 83' lang='lat' dir='ltr'><strong>angulum</strong></span> <span class='ocrx_word' id='word_1_177' title='bbox 1183 2867 1441 2896; x_wconf 89' lang='lat' dir='ltr'><strong>communem</strong></span> <span class='ocrx_word' id='word_1_178' title='bbox 1454 2855 1511 2906; x_wconf 96' lang='lat' dir='ltr'><strong>D,</strong></span> <span class='ocrx_word' id='word_1_179' title='bbox 1534 2866 1629 2899; x_wconf 88' lang='lat' dir='ltr'><strong>sunt</strong></span> <span class='ocrx_word' id='word_1_180' title='bbox 1650 2859 1700 2914; x_wconf 69' lang='lat' dir='ltr'><strong>(d)</strong></span> <span class='ocrx_word' id='word_1_181' title='bbox 1714 2861 1756 2901; x_wconf 90' lang='lat' dir='ltr'><strong>in</strong></span> <span class='ocrx_word' id='word_1_182' title='bbox 1776 2861 1911 2918; x_wconf 79' lang='lat' dir='ltr'><strong>dupli.</strong></span> 
     </span>
    </p>
   </div>
   <div class='ocr_carea' id='block_1_8' title="bbox 218 2964 1910 3061">
    <p class='ocr_par' dir='ltr' id='par_1_9' title="bbox 218 2964 1910 3061">
     <span class='ocr_line' id='line_1_19' title="bbox 263 2964 1910 3016; baseline 0.004 -17"><span class='ocrx_word' id='word_1_183' title='bbox 263 2969 306 3010; x_wconf 83' lang='lat'>(‘¹)</span> <span class='ocrx_word' id='word_1_184' title='bbox 325 2970 342 2988; x_wconf 69' lang='lat'><em>⁶</em></span> <span class='ocrx_word' id='word_1_185' title='bbox 359 2969 401 2999; x_wconf 85' lang='lat' dir='ltr'><strong>In</strong></span> <span class='ocrx_word' id='word_1_186' title='bbox 422 2966 574 3015; x_wconf 64' lang='lat' dir='ltr'><strong>duplicatfi&#39;</strong></span> <span class='ocrx_word' id='word_1_187' title='bbox 596 2968 712 2997; x_wconf 82' lang='lat' dir='ltr'><strong>ratione</strong></span> <span class='ocrx_word' id='word_1_188' title='bbox 732 2967 870 3014; x_wconf 65' lang='lat' dir='ltr'><strong>{ater-um·</strong></span> <span class='ocrx_word' id='word_1_189' title='bbox 918 2964 1001 2995; x_wconf 83' lang='lat' dir='ltr'><strong>Nam</strong></span> <span class='ocrx_word' id='word_1_190' title='bbox 1022 2964 1048 2994; x_wconf 89' lang='lat' dir='ltr'><strong>si</strong></span> <span class='ocrx_word' id='word_1_191' title='bbox 1089 2964 1181 3014; x_wconf 47' lang='lat' dir='ltr'><strong>ipsi-x:</strong></span> <span class='ocrx_word' id='word_1_192' title='bbox 1194 2971 1217 3003; x_wconf 88' lang='lat' dir='ltr'><strong>t,</strong></span> <span class='ocrx_word' id='word_1_193' title='bbox 1232 2965 1296 2998; x_wconf 89' lang='lat' dir='ltr'><strong>duo</strong></span> <span class='ocrx_word' id='word_1_194' title='bbox 1309 2967 1462 3016; x_wconf 58' lang='lat' dir='ltr'><strong>uisngula</strong></span> <span class='ocrx_word' id='word_1_195' title='bbox 1475 2972 1681 3004; x_wconf 74' lang='lat' dir='ltr'><strong>evanescentia</strong></span> <span class='ocrx_word' id='word_1_196' title='bbox 1697 2974 1730 3005; x_wconf 92' lang='lat' dir='ltr'>D</span> <span class='ocrx_word' id='word_1_197' title='bbox 1742 2985 1798 3016; x_wconf 83' lang='lat' dir='ltr'><strong>qr,</strong></span> <span class='ocrx_word' id='word_1_198' title='bbox 1815 2976 1850 3007; x_wconf 89' lang='lat' dir='ltr'>D</span> <span class='ocrx_word' id='word_1_199' title='bbox 1863 2986 1881 3007; x_wconf 83' lang='lat' dir='ltr'>v</span> <span class='ocrx_word' id='word_1_200' title='bbox 1896 2980 1910 3006; x_wconf 77' lang='lat' dir='ltr'><strong>t</strong></span> 
     </span>
     <span class='ocr_line' id='line_1_20' title="bbox 218 3006 1908 3061; baseline 0.004 -20"><span class='ocrx_word' id='word_1_201' title='bbox 218 3021 256 3042; x_wconf 84' lang='lat' dir='ltr'><strong>ex</strong></span> <span class='ocrx_word' id='word_1_202' title='bbox 274 3016 391 3050; x_wconf 88' lang='lat' dir='ltr'><strong>puncto</strong></span> <span class='ocrx_word' id='word_1_203' title='bbox 405 3019 426 3050; x_wconf 86' lang='lat' dir='ltr'>q</span> <span class='ocrx_word' id='word_1_204' title='bbox 439 3009 569 3040; x_wconf 79' lang='lat' dir='ltr'><strong>ducatur</strong></span> <span class='ocrx_word' id='word_1_205' title='bbox 582 3008 622 3039; x_wconf 82' lang='lat' dir='ltr'><strong>ad</strong></span> <span class='ocrx_word' id='word_1_206' title='bbox 639 3009 671 3039; x_wconf 94' lang='lat' dir='ltr'>D</span> <span class='ocrx_word' id='word_1_207' title='bbox 686 3018 708 3048; x_wconf 91' lang='lat' dir='ltr'>p</span> <span class='ocrx_word' id='word_1_208' title='bbox 723 3007 834 3038; x_wconf 73' lang='lat' dir='ltr'><strong>lineola</strong></span> <span class='ocrx_word' id='word_1_209' title='bbox 847 3017 868 3048; x_wconf 88' lang='lat' dir='ltr'>q</span> <span class='ocrx_word' id='word_1_210' title='bbox 878 3016 894 3036; x_wconf 85' lang='grc' dir='ltr'><strong>ι·</strong></span> <span class='ocrx_word' id='word_1_211' title='bbox 906 3006 1050 3046; x_wconf 78' lang='lat' dir='ltr'><strong>pasallela</strong></span> <span class='ocrx_word' id='word_1_212' title='bbox 1091 3007 1201 3038; x_wconf 80' lang='lat' dir='ltr'><strong>s1m111a</strong></span> <span class='ocrx_word' id='word_1_213' title='bbox 1215 3015 1288 3040; x_wconf 79' lang='lat' dir='ltr'><strong>sunt</strong></span> <span class='ocrx_word' id='word_1_214' title='bbox 1301 3015 1332 3040; x_wconf 85' lang='lat' dir='ltr'><strong>et</strong></span> <span class='ocrx_word' id='word_1_215' title='bbox 1345 3019 1378 3040; x_wconf 88' lang='lat' dir='ltr'><strong>m</strong></span> <span class='ocrx_word' id='word_1_216' title='bbox 1391 3010 1508 3043; x_wconf 77' lang='lat' dir='ltr'><strong>ratione</strong></span> <span class='ocrx_word' id='word_1_217' title='bbox 1522 3012 1675 3053; x_wconf 63' lang='lat' dir='ltr'><strong>duplicata</strong></span> <span class='ocrx_word' id='word_1_218' title='bbox 1689 3016 1819 3048; x_wconf 70' lang='lat' dir='ltr'><strong>latemm</strong></span> <span class='ocrx_word' id='word_1_219' title='bbox 1842 3018 1875 3050; x_wconf 92' lang='lat' dir='ltr'>D</span> <span class='ocrx_word' id='word_1_220' title='bbox 1887 3029 1908 3061; x_wconf 82' lang='lat' dir='ltr'><strong>q</strong></span> 
     </span>
    </p>
   </div>
  </div>
 </body>
</html>
