2066 3548
191 247 274 284 208
594 242 1044 286 PHILOSOPHIAE
1074 243 1438 288 NATURALIS
1519 244 1892 297 [Moneonron.
1943 281 1947 283 ,

467 438 844 482 PROPOSITIO
874 437 1072 481 XXXV.
1133 438 1476 482 PROBLEMA
1505 438 1606 482 VII.

183 553 231 596 Si
248 554 414 595 medium
432 568 570 594 rarum
589 569 638 595 ex
648 555 867 607 particulis
886 568 1002 608 quam
1022 554 1196 594 minimis
1221 553 1503 608 quiescentibus
1527 553 1744 608 aequalibus
1768 560 1807 595 et
1833 554 1891 596 ad

238 624 409 677 cequales
428 623 479 663 ab
500 624 664 664 invicem
686 625 902 665 distantias
920 620 1044 663 libere*
1063 623 1267 675 dispositis
1285 629 1432 664 constet
1448 640 1462 664 .-
1497 622 1677 671 invenire
1703 624 1888 665 resisten-

237 696 336 735 tiam
351 695 464 750 globi
483 696 527 736 in
541 696 613 736 hoc
626 697 754 737 medio
770 696 1024 751 uniformiter
1034 695 1344 750 progredientis.

239 813 329 854 Cas.
354 818 391 854 1.
451 811 676 868 Cylindrus
709 810 855 852 eadem
886 809 1087 850 diametro
1117 814 1158 848 et
1187 807 1403 850 altitudine
1431 808 1661 864 descriptus
1687 807 1888 865 progredi

177 882 431 939 intelligatur
450 881 595 924 effidem
624 881 841 924 velocitate
871 878 1099 921 secundum
1126 877 1428 935 longitudinem
1457 879 1544 920 axis
1574 879 1638 921 sui
1665 879 1710 920 in
1738 879 1887 923 eodem

175 952 327 994 medio.
387 953 444 995 Et
461 967 664 1008 ponamus
685 951 798 1009 quod
811 950 1026 1007 particulae
1044 949 1184 1001 medii,
1214 949 1259 990 in
1279 964 1379 1005 quas
1399 949 1548 1006 globus
1576 950 1637 992 vel
1668 951 1880 1007 cylindrus

175 1023 333 1073 incidit,
355 1024 396 1064 vi
416 1024 655 1065 reflexionis
675 1037 800 1079 quam
828 1020 1009 1063 maxima
1038 1020 1234 1062 resiliant.
1297 1020 1353 1061 Et
1385 1019 1480 1061 clim
1510 1020 1738 1062 resistentia
1765 1022 1880 1079 globi

176 1098 269 1150 (per
291 1095 623 1150 Propositionem
642 1094 923 1146 novissimam)
953 1093 1005 1134 sit
1033 1092 1161 1148 duplo
1190 1093 1326 1134 minor
1355 1107 1478 1148 quam
1499 1093 1730 1135 resistentia
1749 1094 1880 1150 cylin-

110 1155 122 1165 ’
174 1165 252 1216 dri,
289 1173 331 1207 et
363 1165 513 1222 globus
544 1165 596 1207 sit
624 1165 678 1206 ad
708 1164 940 1221 cylindrum
966 1171 1013 1205 ut
1035 1163 1119 1206 duo
1139 1163 1193 1205 ad
1221 1164 1312 1214 tria,
1349 1171 1391 1205 et
1420 1164 1630 1220 cylindrus
1659 1165 1882 1208 incidendo

171 1235 567 1290 perpendiculariter
609 1236 654 1277 in
696 1235 931 1291 particulas,
981 1235 1174 1291 ipsasque
1223 1234 1347 1291 quam
1388 1235 1568 1278 maxime
1614 1236 1881 1289 reflectendo,

173 1306 227 1361 (¹)
249 1305 420 1361 duplam
448 1307 511 1348 sui
540 1306 669 1362 ipsius
689 1306 946 1348 velocitatem
965 1306 1065 1361 ipsis
1090 1306 1386 1348 communicet:
1419 1307 1644 1363 cylindrus,
1676 1323 1760 1364 quo
1778 1318 1884 1351 tem-

170 1392 274 1433 pore
294 1379 509 1420 dimidiam
527 1378 832 1436 longitudinem
852 1380 940 1420 axis
962 1378 1025 1420 sui
1045 1377 1304 1419 uniformiter
1331 1379 1639 1435 progrediendo
1668 1379 1878 1431 describit,

172 1451 493 1492 communicabit
522 1459 682 1493 motum
710 1451 934 1506 particulis,
973 1453 1024 1505 (5)
1046 1450 1117 1507 qui
1137 1450 1190 1491 sit
1209 1450 1262 1490 ad
1282 1457 1415 1491 totum
1444 1449 1618 1506 cylindri
1649 1458 1808 1492 motum
1837 1459 1884 1494 ut

171 1522 351 1564 densitas
371 1522 496 1564 medii
516 1521 570 1563 ad
590 1522 833 1564 densitatem
854 1521 1055 1578 cylindri;
1087 1530 1128 1564 et
1147 1521 1309 1579 globus,
1332 1536 1416 1577 quo
1435 1529 1622 1576 tempore
1641 1529 1771 1563 totam
1790 1521 1882 1563 lon-

170 1592 402 1649 gitudinem
422 1593 613 1634 diametri
633 1607 719 1634 suae
739 1593 997 1634 uniformiter
1018 1592 1326 1649 progrediendo
1346 1592 1554 1643 describit,
1579 1593 1629 1649 (²)
1652 1593 1882 1636 communi-

171 1665 282 1707 cabit
314 1674 480 1708 motum·
504 1667 683 1708 eundem
711 1666 947 1722 particulis3
982 1666 1031 1721 (ὃ)
1054 1673 1095 1707 et
1118 1680 1201 1722 quo
1231 1673 1417 1720 tempore
1446 1665 1549 1706 duas
1578 1665 1719 1707 tertias
1740 1673 1880 1721 partes

170 1736 361 1778 diametri
382 1753 467 1778 suae
487 1737 695 1787 describit,
728 1736 1048 1778 communicabit
1066 1744 1229 1778 motum
1249 1735 1475 1791 particulis,
1510 1735 1582 1791 qui
1602 1736 1655 1777 sit
1673 1735 1728 1776 ad
1747 1742 1881 1777 totum

169 1807 284 1863 globi
321 1815 480 1848 motum
517 1816 564 1849 ut
602 1807 782 1849 densitas
821 1806 947 1847 medii
985 1806 1039 1848 ad
1078 1806 1324 1847 densitatem
1361 1805 1490 1862 globi.
1564 1805 1622 1847 Et
1658 1800 1880 1860 propterea

168 1876 316 1932 globus
350 1877 625 1918 resistentiam
658 1878 826 1932 patitur,
867 1892 960 1932 quae
992 1876 1044 1918 sit
1075 1876 1129 1917 ad
1161 1876 1245 1917 vim
1280 1875 1360 1933 qua
1392 1883 1503 1918 totus
1522 1876 1609 1931 ejus
1643 1885 1778 1918 motus
1811 1876 1878 1918 vel

168 1948 319 1991 auferri
352 1951 483 2005 possit
515 1950 581 1992 vel
613 1950 802 2007 generari
834 1964 917 2005 quo
951 1957 1138 2004 tempore
1176 1949 1279 1989 duas
1318 1948 1459 1989 tertias
1498 1955 1638 2003 partes
1682 1937 1874 1990 diametri

169 2036 253 2062 suae
283 2022 540 2064 uniformiter
566 2021 872 2079 progrediendo
901 2021 1110 2073 describit,
1141 2029 1189 2062 ut
1213 2019 1392 2062 densitas
1412 2019 1539 2061 medii
1558 2019 1612 2061 ad
1631 2019 1878 2063 densitatem

167 2092 294 2148 globi.
920 2103 923 2109 '

1043 2205 1083 2235 ob
1107 2202 1309 2234 resistentiam
1330 2202 1415 2243 globi
1436 2201 1606 2233 resistentis
1626 2202 1756 2244 cylindri
1777 2202 1876 2244 duplo

214 2203 262 2245 (¹)
294 2206 312 2224 ³¹¹
342 2203 484 2244 Dupzizm
513 2206 561 2235 sui
589 2205 682 2245 ipsius
712 2205 904 2241 velocitatem,
941 2205 996 2235 διο.
1568 2245 1575 2251 .

1043 2246 1195 2277 minorem
1212 2246 1322 2287 (Prop.
1344 2245 1516 2276 XXXIV.
1536 2245 1607 2276 Lib.
1627 2245 1694 2285 11.)

174 2245 258 2277 cum
294 2246 425 2287 singulae
462 2247 632 2286 particulae,
676 2246 806 2287 cylindri
848 2254 1000 2286 respectu,

170 2289 307 2318 minimae
335 2289 406 2326 sint,
436 2289 462 2319 si
482 2289 570 2319 nulla
591 2296 668 2319 esset
692 2289 913 2328 particularum
934 2299 1001 2319 me-

171 2330 215 2361 dii
243 2330 376 2367 reflexio,
415 2330 521 2362 eadem
558 2342 631 2362 cum
666 2332 806 2371 cylindro
841 2331 1001 2362 velocitate

171 2379 389 2412 moverentur;
418 2384 454 2404 ac
481 2373 645 2404 accedente
673 2374 703 2403 vi
731 2373 904 2404 reflexionis
931 2383 1002 2413 per-

170 2414 262 2454 fecta,
308 2415 453 2446 velocitas
496 2415 551 2446 illa
595 2415 770 2455 duplicatur
815 2417 882 2456 (53.
926 2416 998 2447 Lib.

214 2497 260 2541 (Ὺ)
279 2502 294 2520 ⁴*
317 2502 378 2536 Qui
397 2502 437 2531 sit
461 2503 502 2532 ad
526 2507 623 2532 totum
645 2502 779 2541 cylindri
793 2506 919 2538 motum,
942 2500 998 2531 &c.

174 2542 370 2578 Quantitates
383 2542 487 2573 motfis
509 2548 582 2573 sunt
602 2549 638 2574 ut
660 2544 835 2574 velocitates
849 2549 880 2573 et
893 2553 1002 2573 mussae

170 2586 378 2626 conjunctim3
409 2595 517 2615 massae
540 2584 612 2616 verr}
637 2591 711 2616 sunt
732 2591 769 2616 ut
794 2585 951 2615 volumina
971 2590 1002 2615 et

170 2627 334 2657 densitates
347 2639 355 2665 3
380 2626 512 2668 ideoque
526 2627 711 2668 quantitates
725 2627 827 2658 motus
841 2633 877 2657 ut
891 2627 1001 2657 veloci-

169 2675 246 2700 tates
260 2676 290 2700 et
305 2670 504 2700 voluminaet
514 2669 677 2700 densitates
691 2669 890 2710 conjunctim.
917 2668 1001 2700 cum

169 2712 265 2752 igitur
285 2711 443 2751 cylindrus
456 2722 519 2752 quo
532 2718 669 2751 tempore
683 2711 842 2742 dimidiam
865 2711 1000 2752 longitu-

169 2754 272 2784 dinem
289 2755 354 2784 axis
369 2755 415 2784 sui
433 2754 625 2784 uniformiter
645 2753 869 2794 progrediendo
888 2753 1001 2783 descri-

169 2797 222 2832 bit,
253 2796 348 2827 medii
372 2797 517 2827 volumen
542 2796 671 2827 dimidio
695 2796 845 2827 volumini
870 2795 1001 2835 cylindri

170 2838 287 2878 oequale
317 2838 413 2878 dupla
442 2849 515 2869 cum
546 2839 706 2869 velocitate
735 2844 864 2873 moveat,
902 2838 1000 2877 sitque

169 2880 298 2918 proinde
320 2881 436 2911 factum
460 2891 498 2911 ex
521 2881 678 2911 volumine
698 2880 828 2921 cylindri
850 2880 883 2910 in
904 2880 1000 2918 ipsius

168 2922 360 2953 velocitatem
377 2923 495 2963 aequale
506 2923 587 2954 facto
596 2934 633 2953 ex
645 2922 802 2954 volumine
812 2921 905 2952 medii
914 2928 1001 2952 moto

168 2963 201 2993 in
217 2964 282 3003 ejus
298 2965 498 3001 velocitatem,
521 2974 626 2996 motus
639 2965 796 3005 particulis
808 2964 902 2995 medii
916 2973 999 2993 com-

169 3007 354 3042 municatus,
371 3008 428 3038 erit
442 3007 482 3038 ad
497 3014 598 3038 totum
613 3007 744 3048 cylindri
754 3014 873 3038 motum
882 3012 918 3037 ut
926 3005 1002 3036 den-

170 3047 243 3077 sitas
258 3049 350 3078 medii
366 3049 405 3079 ad
419 3049 602 3080 densitatem
617 3049 756 3089 cylindri.

215 3089 264 3125 (Ζ)
280 3093 295 3109 *
312 3094 550 3123 Communicabit
566 3099 680 3124 motum
693 3094 822 3125 eundem
831 3090 1001 3132 particulis,

1088 2287 1134 2328 (²)
1152 2290 1197 2319 Et
1217 2299 1275 2328 quo
1297 2294 1430 2328 tempore
1451 2290 1527 2318 duas
1549 2289 1651 2318 tertias
1670 2294 1786 2328 partes,
1811 2287 1868 2319 &e-

1044 2333 1061 2351 *
1081 2331 1158 2361 Huc
1171 2329 1250 2361 redit
1263 2330 1441 2369 compositio
1455 2331 1609 2360 rationum
1623 2339 1642 2359 a
1655 2329 1808 2362 Newtono
1821 2329 1871 2359 in-

1043 2373 1162 2404 dicata:
1181 2379 1263 2403 totus
1277 2372 1360 2413 globi
1371 2377 1474 2402 motus
1483 2378 1529 2402 est
1542 2371 1582 2402 ad
1595 2371 1726 2412 cylindri
1738 2377 1870 2410 motum,

1042 2421 1079 2446 ut
1094 2419 1114 2445 2
1128 2414 1168 2445 ad
1181 2418 1212 2451 3,
1235 2415 1301 2445 haec
1315 2414 1397 2444 enim
1412 2419 1458 2444 est
1471 2414 1631 2454 utriusque
1644 2423 1752 2444 massa
1772 2413 1870 2452 ratiog

1044 2463 1129 2488 totus
1151 2456 1283 2496 cylindri
1307 2462 1412 2487 motus
1434 2462 1480 2487 est
1502 2455 1540 2487 ad
1565 2461 1686 2486 motum
1699 2466 1719 2486 a
1732 2455 1872 2496 cylindm

1044 2499 1305 2530 communicatum
1320 2508 1383 2538 quo
1396 2504 1532 2538 tempore
1539 2497 1697 2529 dimidiam
1706 2507 1794 2528 suam
1803 2497 1872 2528 lon-

1044 2540 1218 2583 gitudinem
1246 2540 1389 2571 describit
1417 2546 1454 2571 ut
1481 2540 1614 2571 densitas
1640 2539 1771 2579 cylindri
1793 2540 1871 2582 (sive

1043 2583 1142 2624 globi)
1152 2583 1193 2614 ad
1206 2582 1386 2613 densitatem
1397 2581 1500 2619 medii,
1516 2588 1620 2613 motus
1632 2581 1686 2612 ille
1699 2593 1718 2613 a
1731 2582 1873 2622 cylindro

1043 2625 1288 2656 communicatus
1301 2624 1383 2654 idem
1398 2630 1444 2654 est
1458 2634 1530 2655 cum
1543 2630 1632 2654 motu
1646 2635 1665 2654 a
1679 2624 1772 2665 globo
1785 2634 1870 2655 com-

1042 2668 1200 2699 municato
1213 2667 1290 2698 dum
1304 2671 1400 2697 totam
1408 2676 1496 2696 suam
1506 2665 1689 2697 diametrum
1700 2667 1868 2706 percurrit3

1043 2710 1175 2751 denique
1197 2715 1299 2740 motus
1323 2708 1376 2738 ille
1389 2719 1409 2738 a
1422 2708 1515 2748 globo
1534 2708 1780 2740 communicatus
1793 2709 1870 2740 dum

1042 2759 1138 2783 totam
1160 2762 1248 2782 suam
1269 2751 1453 2782 diametrum
1473 2750 1622 2789 percurrit
1635 2756 1681 2781 est
1694 2750 1734 2782 ad
1747 2756 1868 2782 motum

1042 2796 1081 2825 ab
1095 2805 1132 2825 eo
1145 2795 1239 2835 globo
1259 2792 1519 2824 communicatum
1534 2792 1611 2823 dum
1625 2793 1774 2832 percurrit
1793 2793 1870 2824 dun

1043 2837 1183 2868 diametri
1205 2846 1270 2867 suae
1290 2835 1393 2866 tertias
1413 2840 1512 2874 panes
1533 2841 1570 2865 ut
1589 2839 1610 2866 3
1625 2835 1665 2865 ad
1684 2839 1713 2871 2,
1737 2833 1870 2876 ideoque

1042 2885 1126 2910 totus
1147 2878 1232 2920 globi
1251 2883 1355 2908 motus
1382 2883 1429 2907 est
1457 2876 1496 2907 ad
1524 2882 1644 2907 motum
1667 2879 1706 2908 ab
1726 2887 1764 2908 eo
1784 2886 1869 2908 com-

1042 2921 1235 2952 municatum
1261 2920 1337 2950 dum
1359 2919 1509 2958 percurrit
1537 2919 1615 2950 duas
1641 2919 1783 2950 diametri
1803 2928 1868 2950 m-

1042 2970 1143 3003 partes
1163 2962 1349 3004 conjunctim
1370 2967 1407 2991 ut
1429 2965 1449 2992 2
1469 2960 1509 2992 ad
1522 2965 1553 2998 5,
1575 2967 1612 2992 ut
1632 2960 1869 3003 densitas'globi

1044 3006 1083 3036 ad
1104 3005 1284 3037 densitatem
1305 3002 1408 3038 medii,
1436 3009 1467 3034 et
1486 3009 1523 3034 ut
1536 3007 1557 3034 3
1571 3003 1610 3034 ad
1633 3007 1661 3039 2,
1687 3003 1749 3034 sive
1769 3001 1868 3043 primi

1043 3048 1162 3079 ratione
1183 3053 1214 3078 et
1233 3046 1291 3077 hac
1312 3044 1422 3076 ultim&
1447 3056 1512 3076 sese
1539 3044 1806 3085 compensantibus
1831 3050 1869 3076 ut

1045 3090 1179 3121 densitas
1189 3088 1274 3131 globi
1287 3087 1327 3119 ad
1340 3087 1521 3119 densitatem
1535 3087 1638 3119 medii.
1687 3088 1729 3125 Q.
1745 3096 1772 3118 e.
1789 3086 1819 3119 d.
