2066 3548
201 290 280 331 17⁶2

598 284 1043 328 PHILOSOPHIAE
1075 284 1433 329 NATURALIS

1519 283 1657 335 [Mor.
1682 284 1880 327 Comma.

195 396 272 438 bus
293 404 387 439 sunt
404 397 448 438 in
467 396 671 452 duplicata
692 398 849 440 ratione
869 412 1037 440 arcuum
1057 397 1355 452 descriptorum
1375 395 1498 452 quam
1511 396 1710 451 proxime,
1741 398 1785 439 in
1805 398 1883 439 mi-

194 472 362 514 noribus
382 471 479 513 vero
498 471 622 526 paulo
650 472 824 527 majores
843 470 965 528 quam
984 471 1028 512 in
1047 470 1094 512 ea
1114 471 1271 512 ratione
1282 486 1293 520 3
1326 477 1367 511 et
1385 477 1605 524 propterea
1631 473 1722 525 (per
1743 470 1881 512 Corol.
1931 485 1940 499 ⁸

196 548 235 584 2.
259 540 384 597 Prop.
407 541 585 583 XXXI.
609 541 726 583 Libri
744 541 882 598 hujus)
904 541 1132 583 resistentia
1150 540 1279 597 globi,
1310 540 1382 581 ubi
1401 539 1572 582 celerius
1591 548 1791 593 movetur,
1822 548 1885 583 est

194 615 238 655 in
257 613 463 669 duplicata
484 614 642 655 ratione
662 613 884 656 velocitatis
913 611 1036 670 quam
1060 611 1269 667 proxime3
1300 611 1371 653 ubi
1400 609 1567 662 tardius,
1601 611 1727 666 paulo
1753 612 1910 668 majorf

195 684 317 741 quam
336 686 378 725 in
399 682 445 725 ea
465 684 637 726 ratione.

251 755 302 811 (g)
323 754 555 810 Designet
537 769 624 810 Jam
645 754 685 796 V
704 754 959 795 velocitatem
981 753 1204 795 maximam
1222 752 1528 794 inoscinatione
1547 751 1703 808 quavis,
1725 753 1885 809 sintque

194 827 248 877 A,
272 826 322 876 B,
347 826 382 868 C
403 827 647 887 quantitates
668 826 788 876 datae,
810 834 851 868 et
869 825 1071 881 fingamus
1092 823 1204 880 quod
1218 823 1446 866 differentia
1459 839 1629 866 arcuum
1648 825 1700 866 sit
1720 825 1760 866 A
1777 825 1817 866 V
1835 832 1878 875 4·

197 878 582 948 Βνέψονπ.

194 1010 380 1042 oscillatione
402 1011 548 1043 mediocri
575 1022 629 1051 per
656 1011 797 1051 primam,
826 1020 933 1042 omnes
958 1010 1020 1040 illae

193 1052 372 1084 differentiae
380 1059 470 1087 erunt
477 1060 513 1084 ut
525 1057 551 1084 1.
561 1066 570 1091 ;
581 1057 718 1091 2.7107;
730 1055 854 1089 9.5072,
864 1056 1018 1090 86.9577;

201 1098 376 1132 141.8.378;
391 1099 561 1127 542.8965.

238 1137 396 1173 Quadrata
417 1136 488 1168 vero
509 1147 638 1168 arcuum
658 1143 731 1168 sunt
751 1143 788 1167 ut
805 1140 878 1174 1‚4‚
899 1140 946 1172 16,
963 1140 1015 1173 64,

194 1182 267 1216 256,
287 1183 376 1210 1024.
394 1179 478 1209 unde
498 1189 536 1209 ex
558 1189 665 1210 eorum
686 1189 885 1210 numerorum
898 1178 1016 1217 inspec-

192 1219 275 1250 tione
289 1220 385 1261 liquet
398 1220 582 1251 differentias
597 1232 665 1261 quae
676 1222 708 1251 in
719 1221 894 1267 minoribus
898 1220 1015 1250 oscilla-

193 1262 327 1293 tionibus
350 1265 514 1293 observatae
533 1269 606 1294 sunt
626 1273 690 1305 esse
704 1263 743 1294 ad
757 1273 808 1294 eas
821 1273 890 1303 quae
903 1264 936 1292 in
950 1272 1015 1292 ma-

191 1304 310 1344 joribus
334 1306 466 1335 arcubus
490 1306 686 1336 observantur
710 1305 742 1335 in
763 1306 877 1346 majore
901 1304 1016 1338 ratione

194 1356 288 1386 quam
301 1346 455 1386 duplicata
465 1357 612 1385 arcuum3
627 1347 660 1377 in
671 1347 836 1388 majoribus
845 1345 918 1378 vero
927 1347 1015 1377 oscil-

192 1388 358 1419 lationibus
371 1389 502 1419 rationes
517 1389 639 1420 illarum
654 1389 893 1420 differentiarum
908 1389 947 1419 ad
967 1399 1014 1419 ra-

192 1430 306 1460 tionem
327 1430 511 1469 duplicatam
534 1442 662 1462 arcuum
682 1432 780 1472 magis
801 1431 956 1466 accedunt,
980 1437 1015 1461 ut

193 1472 275 1502 enim
297 1483 384 1503 arcus
405 1473 437 1502 in
459 1474 667 1514 progressione
681 1473 776 1513 dupla
789 1474 877 1504 fuere
888 1473 1013 1512 sumpti,

193 1515 271 1544 ratio
291 1514 445 1554 duplicata
466 1525 595 1546 arcuum
615 1515 824 1555 proximorum
839 1521 884 1546 est
897 1515 973 1545 ratio
998 1519 1011 1545 1

194 1556 233 1586 ad
248 1560 277 1587 4.
286 1556 351 1597 jam
368 1556 438 1587 vero
453 1561 570 1589 &5072
591 1564 637 1588 est
657 1567 720 1588 non
741 1558 840 1588 multo
863 1558 961 1598 major
981 1560 1010 1587 4.

192 1605 277 1637 parte
300 1599 420 1629 numeri
442 1603 557 1631 36.957
562 1603 590 1636 7,
612 1600 669 1630 iste
683 1605 786 1630 autem
800 1599 839 1630 ad
854 1603 883 1630 4.
901 1604 1018 1638 partem

193 1640 314 1671 numeri
333 1645 399 1671 141.
405 1644 497 1678 8378,
520 1641 619 1682 magis
632 1641 757 1679 accedit,
780 1642 905 1681 propius
918 1640 1018 1671 adhuc

193 1682 249 1712 iste
263 1683 379 1713 accedit
389 1683 427 1713 ad
439 1689 578 1723 quartam
588 1690 704 1723 partem
715 1684 834 1714 numeri
847 1687 918 1714 542.
923 1686 1014 1714 8965.

196 1725 288 1755 Unde
303 1725 381 1755 inter
395 1736 483 1756 arcus
496 1736 634 1766 magnos,
656 1732 758 1756 motus
771 1725 898 1756 amissos
911 1725 945 1755 in
959 1724 1018 1755 du-

193 1765 304 1805 plicata
315 1767 377 1797 fere
387 1768 502 1798 ratione
512 1778 641 1798 arcuum
653 1768 714 1798 sive
729 1767 925 1798 velocitatum
938 1767 1020 1797 sumi

193 1818 280 1849 posse
295 1809 466 1840 deducitur.

236 1851 328 1880 Idem
342 1851 532 1881 manifestius
546 1851 661 1890 patebit
681 1851 706 1881 si
721 1850 897 1882 dividantur
911 1850 943 1880 hi
961 1860 1019 1880 nu-

193 1893 268 1922 meri
283 1892 337 1932 qui
351 1902 480 1924 arcuum
494 1893 680 1924 differentias
701 1893 878 1932 exprimunt
897 1902 953 1932 per
973 1892 1019 1932 ip-

193 1943 299 1964 sorum
326 1944 454 1964 arcuum
481 1934 621 1971 rationes,
650 1935 842 1965 habebuntur
863 1935 946 1964 enim
972 1938 1018 1972 l.;

197 1979 224 2006 1.
231 1978 334 2014 85533
351 1980 380 2006 2.
385 1979 490 2014 8788,
480 1987 489 1996 ⁴
504 1980 534 2006 4.
539 1979 643 2014 6197,
633 1988 642 1996 ⁴
659 1980 688 2007 8.
694 1980 790 2014 86483
809 1980 856 2008 16.
863 1980 955 2015 9655,
966 1978 1020 2018 qui

194 2017 220 2047 si
231 2017 405 2049 resistentiae
418 2019 520 2048 forent
532 2024 568 2049 ut
581 2018 727 2059 quadrata
741 2018 948 2057 vendanum,
964 2019 1018 2050 de-

195 2060 301 2091 herent
319 2070 383 2090 esse
403 2066 441 2090 ut
459 2060 517 2099 ipsi
531 2070 618 2091 arcus
632 2060 663 2102 L,
678 2064 704 2097 1,
721 2065 750 2098 2,
766 2065 796 2091 4.
812 2064 843 2099 8,
861 2064 909 2092 16.
958 2061 1019 2092 Sed

196 2111 235 2132 ex
257 2100 323 2140 ipsa
347 2101 534 2141 inspectione
558 2083 655 2142 liquet
678 2103 810 2135 minores
834 2102 1019 2133 differentias

195 2143 362 2184 majoribus
374 2144 509 2175 numeris
523 2145 653 2184 exprimi
662 2154 755 2195 quam
769 2144 826 2184 ipsi
841 2155 936 2180 arcus,
952 2155 1018 2175 ma-

191 2185 274 2226 jores
288 2185 359 2217 vero
373 2185 436 2216 fere
450 2186 567 2216 iisdem.
617 2187 649 2217 Si
663 2185 734 2217 vero
744 2193 965 2226 supponeretur
975 2197 1022 2217 re-

197 2227 362 2258 sistentiam
384 2238 447 2258 non
468 2227 588 2259 tantum
605 2238 669 2259 esse
682 2229 715 2258 in
729 2229 846 2259 ratione
867 2227 1023 2268 duplicata

196 2269 402 2307 velocitatum,
429 2269 483 2301 sed
496 2271 589 2301 etiam
610 2277 727 2310 partem
742 2271 876 2311 aliquam
898 2271 1023 2302 aliunde

196 2310 290 2351 quam
304 2322 343 2343 ex
357 2311 442 2343 mera
455 2311 565 2343 inertia
578 2312 713 2343 materiae
722 2313 894 2362 oriundam,
911 2323 974 2344 esse
988 2320 1025 2345 ut

197 2353 350 2391 velocitas,
376 2352 508 2402 ideoque
522 2353 595 2385 cum
610 2356 658 2384 hae
680 2355 863 2395 quantitates
883 2365 955 2386 mox
977 2356 1024 2385 in-

196 2401 296 2427 ventae
310 2397 372 2426 sint
384 2397 557 2436 quotientes
571 2396 814 2428 differentiarum
829 2407 957 2428 arcuum
971 2407 1026 2437 per

198 2437 371 2469 velocitates
385 2438 561 2475 divisarum,
585 2439 634 2469 hae
655 2439 839 2479 quantitates
853 2445 1025 2470 constarent

197 2486 283 2518 parte
303 2486 459 2511 constante
481 2486 511 2511 et
525 2479 586 2511 alifi
600 2487 685 2521 parte
699 2481 849 2512 velocitati
864 2481 926 2511 sive
941 2480 1025 2511 arcui

199 2522 436 2560 proportionata'i.

236 2564 401 2595 Sumatur
392 2571 494 2604 ltaque
505 2564 600 2604 prima
608 2566 761 2606 quantitas
770 2569 797 2603 1
803 2571 834 2596 et
839 2564 945 2596 ordine
951 2575 1023 2595 con-

198 2605 314 2637 seratur
324 2617 395 2637 cum
404 2606 548 2643 secunda,
560 2613 627 2637 tum
638 2618 710 2638 cum
719 2608 815 2645 tertia,
826 2618 898 2638 cum
906 2607 1022 2648 quarta,

197 2648 253 2678 διο.
271 2655 520 2690 supponaturque
534 2649 600 2680 illas
611 2656 747 2680 constare
758 2649 877 2680 duabus
887 2649 1021 2689 partibus

199 2690 294 2720 altera
317 2691 469 2721 velocitati
497 2692 721 2730 proportionata
745 2691 838 2722 altera
858 2691 1018 2728 constanti,

199 2741 227 2761 v.
244 2742 288 2772 gr.
313 2733 352 2763 sit
371 2733 469 2772 prima
493 2733 644 2783 quantitas
667 2736 742 2764 1-
698 2745 743 2753 ·-
758 2743 776 2764 a
790 2733 832 2775 -Ι-
847 2743 867 2765 Χ
888 2733 1021 2764 secunda

202 2776 229 2803 1.
236 2778 376 2805 :3553-
333 2787 377 2794 —
393 2778 412 2804 2
427 2786 446 2806 a
460 2775 535 2817 -Ι-Χ,
558 2775 595 2805 iis
608 2775 650 2806 ita
662 2775 789 2807 binatim
811 2775 966 2806 calculatis
985 2782 1022 2807 ut

201 2821 324 2846 eruatur
338 2817 422 2847 valor
435 2823 492 2848 aet
501 2827 532 2855 x,
547 2818 700 2858 quantitas
714 2824 855 2848 constans
869 2827 898 2855 x,
914 2818 947 2847 in
958 2818 1021 2847 sin-

201 2857 276 2896 gulo
293 2858 411 2889 calculo
425 2859 532 2890 eadem
547 2869 611 2890 non
625 2860 806 2897 invenietur,
821 2859 874 2890 sed
888 2860 961 2890 varii
972 2860 1021 2891 isti

201 2899 418 2931 obtinebuntur
432 2901 547 2932 valores
567 2903 625 2933 hoc
646 2902 752 2933 ordine
766 2905 881 2936 .6447;
903 2905 1018 2940 ·54;04

201 2943 316 2979 .;4829
333 2945 446 2981 .4757;
459 2947 567 2981 .,4849
579 2944 630 2984 qui
642 2944 821 2975 decrescunt
830 2944 935 2975 ordine
945 2954 1021 2984 quo-

201 2981 273 3012 dam
287 2984 419 3024 regulari
436 2984 560 3026 (ultimo
574 2993 700 3025 excepto
713 2987 753 3017 ob
765 2986 936 3035 aliqualem
957 2987 1021 3018 exi-

203 3034 300 3064 guum
316 3027 473 3066 errorem),
496 3028 578 3058 unde
593 3028 697 3069 liquet,
717 3027 867 3060 rationem
880 3028 1022 3060 differen-

203 3065 315 3096 tiarum
337 3077 475 3106 arcuum,
498 3079 561 3100 non
581 3080 645 3100 esse
659 3070 769 3109 partim
783 3071 817 3101 in
830 3070 946 3102 ratione
967 3071 1023 3101 du-

204 3107 340 3147 plicata
331 3119 465 3149 ipsorum
481 3121 618 3150 arcuum,
641 3119 672 3144 et
686 3113 797 3152 partim
812 3113 843 3143 in
858 3121 964 3144 eorum
978 3123 1024 3145 ar-

642 897 694 954 (h)
717 897 825 940 Cum
844 897 1076 939 velocitates
1090 896 1281 939 maximae
1297 897 1379 938 sint
1391 897 1434 938 in
1447 898 1628 953 cycloide
1641 906 1689 940 ut
1699 898 1884 940 semisses

1061 1019 1155 1041 cuum
1180 1010 1295 1041 ratione
1320 1009 1460 1049 simplici,
1486 1010 1539 1041 sed
1559 1010 1606 1040 his
1626 1010 1755 1052 adjungi
1774 1010 1884 1042 debere

1061 1052 1208 1082 rationem
1231 1052 1364 1092 aliquam
1386 1052 1599 1083 intermediam
1618 1062 1712 1092 quam
1725 1053 1885 1093 sesquipli-

1061 1099 1159 1124 catam
1173 1104 1299 1125 arcuum
1314 1095 1441 1125 assumit
1457 1094 1634 1131 Newtonus,
1647 1094 1731 1135 quod
1744 1105 1817 1125 cum
1831 1105 1884 1127 ex-

1059 1135 1235 1176 perimentis
1249 1135 1374 1175 propius
1388 1137 1546 1166 consentit.

1102 1178 1148 1220 (⁸)
1165 1181 1182 1199 ⁸
1198 1180 1344 1219 Designet
1356 1179 1429 1219 jam
1459 1180 1485 1208 V
1502 1179 1684 1210 velocitatem
1705 1180 1883 1218 maximam,

1058 1219 1121 1251 sive
1134 1221 1333 1261 quantitatem
1347 1219 1499 1251 velocitati
1519 1221 1662 1251 maximae
1675 1221 1885 1261 proportiona-

1056 1262 1129 1299 lem,
1145 1264 1178 1295 in
1188 1265 1366 1294 oscillatione
1375 1264 1489 1304 quavis,
1505 1265 1623 1303 sintque
1639 1264 1680 1300 A,
1693 1265 1734 1301 B,
1749 1265 1776 1295 C
1784 1275 1883 1312 quan-

1058 1307 1154 1336 titates
1168 1310 1348 1342 constantes,
1363 1315 1494 1347 quarum
1505 1305 1620 1335 valores
1629 1315 1683 1344 per
1691 1305 1880 1344 experimen-

1057 1352 1088 1377 ta
1097 1346 1398 1384 determinabuutum
1411 1352 1442 1377 et
1451 1346 1605 1387 fingamus
1611 1345 1696 1387 quod
1703 1347 1881 1384 resistentia,

1057 1398 1112 1419 seu
1127 1389 1300 1419 differentia
1312 1398 1440 1421 arcuum
1454 1388 1511 1428 ipsi
1525 1389 1757 1428 proportionalis
1769 1389 1879 1431 (Prop.

1059 1431 1198 1461 XXXI.
1205 1430 1229 1470 ),
1251 1431 1290 1461 sit
1310 1431 1419 1471 partim
1434 1436 1470 1461 ut
1484 1430 1634 1467 velocitas,
1656 1431 1767 1469 partim
1782 1437 1818 1462 ut
1832 1441 1883 1462 ve-

1057 1473 1187 1504 locitatis
1201 1473 1394 1514 quadratum,
1417 1478 1449 1503 et
1462 1473 1573 1512 partim
1586 1478 1621 1503 ut
1636 1473 1801 1504 velocitatis
1814 1473 1883 1514 dig-

1057 1525 1135 1556 nitas
1149 1526 1238 1567 cujus
1251 1525 1343 1556 index
1358 1516 1393 1568 ᾖ,
1409 1532 1440 1557 et
1450 1525 1576 1565 proinde
1587 1537 1792 1567 sufflumamus
1803 1530 1884 1568 quod

1060 1604 1192 1626 arcuum
1207 1593 1378 1635 differentia
1393 1596 1430 1626 sit
1445 1596 1476 1626 A
1498 1596 1526 1624 V
1536 1595 1579 1636 -Ι-
1594 1596 1625 1625 Β
1646 1597 1674 1626 V
1684 1569 1709 1621 ἰδ’
1722 1595 1765 1637 4
1779 1597 1805 1628 C
1820 1596 1883 1632 V2,

1060 1637 1116 1667 διο.

1103 1677 1151 1719 (¹²)
1171 1680 1186 1698 ⁸*
1206 1678 1283 1711 Czlm
1303 1680 1464 1710 velocitates
1489 1680 1637 1716 maa-im,
1663 1680 1719 1711 ἃς.
1763 1679 1884 1720 Corpus

1060 1720 1230 1759 pendulum
1252 1720 1284 1750 in
1305 1720 1408 1750 medio
1421 1730 1484 1750 non
1499 1721 1654 1751 resistente
1674 1720 1829 1752 oscilletur
1848 1722 1883 1752 in

1062 1762 1198 1802 cycloide
1221 1763 1243 1792 S
1260 1763 1288 1792 B
1307 1763 1339 1793 R
1356 1763 1398 1799 Q,
1420 1763 1519 1802 sitque
1537 1763 1567 1794 A
1582 1769 1732 1801 punctum
1755 1773 1883 1802 suspen-

1061 1804 1162 1840 sionis,
1183 1810 1214 1834 et
1232 1805 1262 1834 R
1276 1810 1425 1843 punctum
1439 1804 1582 1834 infimum
1596 1815 1632 1835 ae
1645 1805 1782 1835 medium
1795 1805 1884 1837 arciis

1062 1847 1156 1876 totius
1172 1847 1193 1876 S
1211 1846 1242 1876 R
1255 1846 1296 1882 Q.
1348 1847 1462 1877 Centm
1478 1847 1507 1876 A
1523 1846 1653 1877 etradio
1676 1847 1707 1877 A
1725 1848 1757 1878 R
1771 1847 1884 1878 dcem·-

1061 1889 1150 1918 batur
1173 1898 1261 1919 arcus
1285 1888 1392 1918 circuli
1413 1888 1452 1918 M
1470 1888 1499 1918 T
1516 1889 1547 1918 R
1563 1888 1605 1924 N,
1631 1888 1663 1919 in
1688 1899 1750 1930 quo
1772 1899 1884 1929 eorpus

1061 1929 1153 1967 idem,
1178 1930 1226 1961 vel
1244 1929 1329 1960 aliud
1350 1929 1451 1960 simile
1475 1936 1506 1960 et
1530 1930 1648 1970 aequale
1674 1931 1858 1966 oscilletur'
1847 1942 1884 1962 m

1062 1971 1168 2002 eodem
1195 1972 1297 2002 medio
1322 1982 1385 2002 non
1409 1972 1574 2002 resistente.
1621 1973 1668 2002 Sit
1691 1973 1722 2003 T
1739 1974 1771 2003 R
1794 1983 1883 2004 arctis

1061 2014 1214 2045 circularis
1236 2013 1360 2054 aequalis
1380 2014 1465 2044 arcui
1486 2013 1633 2053 cycloidis
1653 2019 1666 2044 t
1683 2015 1723 2050 R,
1750 2021 1781 2046 et
1805 2016 1836 2046 B.
1852 2016 1882 2047 Β

1060 2066 1149 2085 arcus
1162 2056 1254 2096 quam
1268 2056 1415 2086 minimus
1428 2054 1557 2095 cycloidi
1571 2062 1603 2086 et
1615 2057 1730 2087 circulo
1743 2066 1882 2088 commu-

1060 2097 1108 2128 nis
1124 2099 1209 2139 (465.
1227 2098 1299 2130 Lib.
1319 2097 1378 2137 1.).
1424 2098 1496 2130 Jam
1519 2098 1544 2128 si
1564 2108 1675 2138 corpus
1688 2109 1706 2129 e
1719 2099 1795 2130 locis
1810 2100 1840 2131 Τ
1852 2106 1884 2131 et

1067 2734 1096 2766 B
1111 2734 1276 2767 successive
1289 2735 1377 2766 cadat
1396 2735 1429 2766 in
1444 2735 1568 2773 circuio,
1594 2735 1651 2766 erit
1664 2735 1759 2775 ipsius
1772 2724 1886 2767 νειωιὲ

1064 2783 1110 2808 tas
1123 2777 1256 2808 maxima
1276 2777 1309 2808 in
1326 2778 1357 2809 R
1371 2777 1516 2808 descensu
1539 2787 1593 2817 per
1613 2788 1720 2808 arcum
1735 2779 1766 2809 T
1782 2778 1814 2809 R
1833 2787 1885 2809 ao·

1063 2819 1183 2860 quisita,
1199 2820 1238 2851 ad
1252 2819 1439 2851 velocitatem
1454 2819 1600 2850 descensu
1615 2831 1669 2860 per
1682 2830 1786 2850 areum
1803 2820 1832 2851 B
1850 2820 1884 2851 R

1063 2861 1250 2902 acquisitam,
1266 2868 1302 2892 ut
1315 2861 1428 2892 chorda
1443 2861 1472 2892 T
1489 2862 1522 2892 X
1541 2862 1571 2892 R
1585 2863 1625 2893 ad
1639 2861 1782 2893 chordam
1795 2861 1884 2893 mc-

1066 2903 1098 2934 R
1116 2904 1144 2934 B
1170 2905 1235 2946 (88.
1262 2903 1331 2935 Lib.
1359 2903 1415 2942 1.).
1442 2910 1506 2940 aut,
1532 2904 1615 2944 quod
1639 2904 1721 2934 idem
1744 2910 1790 2935 est
1814 2905 1884 2946 (per

1064 2936 1196 2977 Lemma
1203 2946 1283 2977 vn
1290 2946 1359 2978 Lib.
1371 2946 1396 2976 1
1401 2945 1424 2985 )‚
1438 2952 1473 2976 ut
1483 2946 1595 2976 chorda
1607 2947 1636 2978 T
1647 2947 1676 2976 X
1691 2946 1884 2978 Radmum

1064 2988 1217 3027 cycloidis
1225 2988 1252 3019 Β
1271 2988 1322 3025 R;
1346 2994 1377 3019 et
1397 2987 1538 3018 velocitas
1552 2988 1696 3019 descensu
1711 2997 1765 3028 per
1777 2995 1884 3018 arcum

1067 3030 1096 3061 B
1116 3030 1147 3060 R
1161 3029 1307 3072 acquisita
1320 3030 1353 3060 in
1368 3030 1398 3061 R
1409 3036 1454 3060 est
1463 3029 1502 3060 ad
1517 3030 1705 3060 velocitatem
1718 3030 1884 3061 maximnm

1066 3071 1214 3104 descensu
1227 3082 1282 3111 per
1294 3082 1398 3103 arcum
1410 3072 1561 3112 cycloidis
1568 3078 1587 3103 t
1597 3073 1626 3103 B
1644 3073 1676 3103 R.
1695 3071 1884 3118 acquisitam,

1067 3121 1103 3146 ut
1117 3125 1205 3147 arcus
1221 3115 1249 3146 B
1269 3114 1299 3146 R
1313 3114 1352 3146 ad
1366 3124 1471 3147 arcum
1485 3121 1498 3147 t
1510 3116 1537 3146 B
1551 3116 1581 3147 R
1595 3125 1649 3147 seu
1665 3111 1885 3147 arcumcireuli
