2066 3548
1935 165 1953 188 Ι

201 246 282 283 130
457 217 460 224 ’
629 240 1086 283 PHILOSOPHIAE
1116 241 1481 283 NATURALIS
1542 230 1688 294 [Mor‘.
1713 242 1917 285 Comma„⁴

198 353 315 394 fluidi
335 354 615 409 cujuscunque
638 353 681 395 G
696 353 743 394 H
760 353 793 403 Ι,
817 353 931 408 quod
949 353 1133 409 undique
1143 354 1346 408 premitur
1364 354 1592 410 aequaliter,
1613 363 1751 410 partes
1771 369 1931 398 omnes

199 439 241 466 se
261 423 407 465 mutuo
426 432 623 479 premunt
642 424 869 479 aequaliter,
892 432 933 465 et
953 424 1171 480 quiescunt
1189 425 1297 466 inter
1319 440 1375 466 se.
1439 424 1495 474 Q.
1517 440 1553 466 e.
1575 426 1616 467 d.

258 499 348 539 Cas.
371 503 411 539 6.
472 497 607 554 Igitur
628 497 661 537 si
680 496 856 537 fluidum
875 496 979 538 illud
997 497 1040 537 in
1053 511 1149 537 vase
1168 511 1255 537 non
1267 497 1404 554 rigido
1425 497 1653 548 claudatur,
1676 507 1717 540 et
1731 498 1932 554 undique.

198 585 283 611 non
302 579 515 625 prematur
531 570 768 626 ,aequaliter3
802 570 920 612 cedet
947 570 1058 611 idem
1087 569 1291 624 pressioni
1311 570 1484 620 fortiori,
1516 584 1592 625 per
1614 570 1915 612 Definitionem

202 642 450 684 Fluiditatis.
1846 688 1850 694 ¹

259 717 349 757 Cas.
373 719 411 759 7.
474 715 659 771 Ideoque
679 715 722 755 in
744 730 838 756 vase
859 713 995 770 rigido
1014 713 1189 754 fluidum
1207 727 1294 754 non
1314 714 1531 756 sustinebit
1559 713 1814 768 pressionem
1832 713 1916 754 for-

205 786 353 827 tiorem
383 800 437 827 ex
465 801 550 827 uno
570 785 698 826 latere
719 784 843 841 quem
863 798 917 824 ex
936 782 1030 833 alio,
1064 782 1138 823 sed
1158 782 1293 823 eidem
1313 783 1445 835 cedet,
1478 784 1604 839 idque
1632 784 1676 824 in
1704 790 1935 825 momento:

201 858 411 912 temporis,
447 858 544 912 quia
562 857 670 898 lutus
701 856 807 897 vasis
838 854 1019 912 rigidum
1047 869 1133 895 non
1161 855 1421 911 persequitur
1455 856 1657 912 liquorem
1688 855 1933 906 cedentem„
1971 897 1973 899 .
2018 897 2028 904 ,

203 928 403 971 Cedendo
423 936 562 969 autem
581 928 747 984 urgebit
766 927 873 967 latus
904 925 1154 980 oppositum,
1186 933 1227 966 et
1247 926 1305 971 sic
1323 926 1482 980 pressio
1501 926 1684 982 undique
1704 926 1758 967 ad
1778 940 1926 982 aequae*
1955 929 1957 935 '

200 998 357 1039 litatem
378 1006 532 1055 verget.
595 998 651 1039 Et
672 996 869 1052 quoniam
888 994 1075 1045 fluidum,
1099 993 1223 1051 qurim
1243 995 1425 1049 primum
1445 1011 1470 1036 a
1489 1004 1606 1050 parte
1625 995 1756 1052 magis
1774 994 1918 1050 pressfi

200 1071 392 1112 recedere
413 1078 598 1120 conatur,
620 1069 830 1125 inhibetur
850 1082 926 1122 per
945 1068 1219 1109 resistentiam
1237 1068 1343 1109 vasis
1365 1068 1419 1109 ad
1438 1067 1546 1110 latus
1567 1068 1804 1123 oppositum
1815 1083 1828 1117 3
1853 1082 1934 1109 re-'

202 1141 377 1183 ducetur
396 1141 555 1196 pressio
575 1128 760 1195 undique
781 1139 835 1180 ad
855 1139 1145 1195 aequalitatem,
1167 1139 1210 1180 in
1231 1148 1443 1181 momento
1464 1140 1674 1195 temporis,
1697 1140 1786 1181 sine
1803 1147 1920 1181 motu

200 1212 343 1253 locali:
376 1221 417 1253 et
437 1211 613 1253 subinde
633 1219 769 1265 partes
789 1210 920 1260 fluidi,
955 1225 1031 1265 per
1054 1211 1209 1252 Casum
1239 1212 1442 1267 quintum,
1479 1227 1524 1254 se
1554 1211 1699 1253 mutuo
1727 1219 1917 1267 prement

199 1283 425 1340 aequaliter,
449 1291 491 1324 et
512 1283 723 1338 quiescent
742 1282 849 1322 inter
870 1297 925 1323 se.
989 1282 1044 1331 Q.
1066 1298 1102 1323 e.
1124 1282 1164 1323 d.
1670 1328 1673 1330 ,

260 1356 390 1395 Corol.
454 1353 581 1396 Unde
605 1368 682 1394 nec
702 1362 838 1393 motus
859 1353 1040 1408 partium
1062 1353 1180 1393 fluidi
1201 1353 1308 1394 inter
1329 1368 1386 1404 se,
1408 1368 1483 1408 per
1501 1354 1758 1409 pressionem
1786 1351 1919 1394 fluido

200 1426 332 1467 ubivis
353 1426 397 1466 in
417 1424 587 1466 externfi
609 1424 826 1479 superficie
847 1424 1015 1474 illatam,
1033 1425 1185 1465 mutari
1201 1434 1387 1479 possunt,
1409 1426 1489 1466 nisi
1504 1425 1704 1482 quatenus
1723 1434 1795 1466 aut
1806 1424 1915 1480 figu-

201 1511 247 1537 ra
265 1496 499 1551 superficiei
519 1495 671 1535 alicubi
690 1502 888 1544 mutatur,
911 1503 981 1535 aut
1002 1509 1146 1535 omnes
1166 1495 1283 1535 fluidi
1302 1504 1440 1550 partes
1461 1496 1663 1538 intensius
1685 1495 1749 1538 vel
1769 1494 1914 1536 remis-

202 1566 287 1608 sius
309 1581 398 1608 sese
418 1565 649 1621 premendo
670 1563 875 1606 difficilius
899 1565 962 1605 vel
982 1563 1140 1606 facilius
1159 1565 1357 1607 labuntur
1376 1567 1483 1607 inter
1503 1582 1560 1610 se.

530 1793 908 1838 PROPOSITIO
939 1795 1048 1837 XX.
1109 1795 1470 1839 THEOREMA
1500 1796 1601 1839 XV.

206 1917 258 1990 (ὓ)
278 1934 461 1991 Sz'fluidi
479 1935 678 1987 splzoerz’cz‘,
715 1941 753 1975 et
776 1936 819 1975 in
844 1935 1064 1989 aequalibus
1083 1951 1110 1976 a
1130 1943 1264 1978 centro
1293 1939 1501 1979 distantiis
1529 1938 1767 1993 homogene'i‚
1782 1937 1923 1992 fimdo

260 2009 454 2062 sphaerico
474 2011 719 2050 concentrico
739 2010 993 2050 incumbentis
1004 2017 1147 2064 partes
1166 2012 1335 2066 singulae
1349 2026 1479 2053 versus
1493 2018 1666 2052 centrum
1686 2011 1807 2052 totius
1821 2025 1935 2066 gra-

261 2084 387 2123 vitent
400 2106 414 2130 ;
436 2083 602 2124 sustinet
606 2082 785 2136 fundum
798 2078 958 2135 po'ndus
977 2084 1166 2138 cylindri,
1190 2083 1298 2137 cujus
1318 2084 1423 2125 basis
1442 2084 1610 2138 cequalis
1629 2089 1686 2125 est
1703 2084 1924 2137 wpevficiei

246 2155 394 2210 fundi,
416 2161 454 2195 et
474 2156 649 2196 altitudo
669 2156 803 2196 eadem
823 2169 912 2209 quae
913 2156 1049 2212 fluidi
1069 2156 1336 2197 incumbentis.
1778 2165 1781 2170 “

267 2284 331 2326 Sit
360 2284 404 2325 D
436 2283 485 2325 H
517 2283 569 2325 M
600 2283 840 2339 superficies
869 2283 1000 2334 fundi,
1038 2292 1079 2326 et
1110 2285 1151 2326 A
1183 2284 1221 2326 E
1252 2285 1275 2326 I
1306 2285 1542 2341 superficies
1575 2285 1761 2340 superior
1790 2283 1920 2326 fluidi.

210 2354 516 2411 Superficiebus
553 2354 765 2409 sphaericis
795 2355 1023 2396 innumeris
1046 2355 1083 2396 B
1107 2355 1142 2396 F
1165 2355 1220 2406 K,
1254 2355 1290 2396 C
1313 2356 1355 2397 G
1376 2356 1415 2397 L
1443 2356 1719 2413 distinguatur
1743 2355 1922 2396 fluidum

207 2428 251 2468 in
281 2427 403 2469 orbes
433 2427 716 2468 concentricos
746 2426 960 2482 aequaliter
989 2440 1171 2475 crassos3
1203 2435 1244 2467 et
1264 2427 1434 2482 concipe
1453 2427 1537 2468 vim
1554 2426 1768 2483 gravitatis
1798 2441 1922 2482 agere

209 2497 470 2539 solummodo
504 2497 548 2537 in
582 2497 842 2552 superficiem
877 2496 1133 2551 superiorem
1154 2497 1265 2538 orbis
1297 2498 1508 2554 cujusque,
1543 2505 1585 2539 et
1617 2497 1796 2553 aequales
1831 2511 1922 2539 esse

210 2571 389 2612 actiones
410 2571 454 2612 in
473 2568 651 2624 aequales
671 2576 809 2623 partes
830 2567 1142 2622 superficierum
1166 2568 1364 2609 omnium.
1427 2568 1636 2610 Premitur
1655 2582 1756 2624 ergo
1776 2582 1922 2622 super-

210 2642 322 2683 ficies
343 2656 534 2697 suprema
555 2641 595 2682 A
618 2641 655 2682 E
675 2641 715 2682 vi
735 2640 910 2695 simplici
929 2641 1141 2698 gravitatis
1166 2641 1361 2696 propriae,
1394 2639 1474 2696 qufi
1495 2648 1536 2682 et
1555 2654 1698 2682 omnes
1719 2641 1831 2683 orbis
1852 2655 1921 2683 su-

254 2770 298 2811 (b)
319 2773 356 2802 17
359 2774 386 2800 2.
413 2772 445 2801 Si
451 2771 551 2812 fluidi
565 2770 711 2810 sphaerici,
726 2769 782 2799 &c.
832 2768 937 2799 Fluidi
951 2769 1038 2810 quie·
1081 2769 1174 2800 lelam
1184 2774 1227 2807 et,
1242 2768 1295 2811 (ex
1302 2766 1504 2808 Definitione)
1515 2766 1647 2798 fluIdum
1659 2766 1830 2798 secundum
1839 2767 1921 2803 hane

210 2813 321 2842 scentis
335 2812 510 2851 superficies
524 2812 563 2843 ad
586 2811 740 2852 gravitatis
753 2810 951 2841 directionem
971 2821 1041 2851 per·
1085 2811 1285 2842 directionem
1300 2811 1481 2847 movebitur,
1508 2816 1614 2841 contra
1638 2810 1725 2850 Hyp.
1773 2810 1846 2841 Erit
1859 2809 1920 2850 igt-

212 2854 417 2893 pendicularis
438 2861 483 2885 est
505 2855 628 2895 ubique,
652 2861 683 2885 et
697 2852 768 2884 ideo
783 2853 808 2884 si
823 2853 868 2883 vis
888 2853 1047 2894 gravitatis
1090 2859 1142 2884 tur
1156 2863 1226 2893 pars
1240 2853 1385 2894 quaelibet
1398 2852 1569 2892 superficiei
1590 2852 1631 2883 ad
1655 2851 1811 2894 gravitatis
1823 2852 1922 2884 direc-

212 2896 251 2927 ud
276 2905 417 2927 centrum
442 2908 541 2927 unum
564 2897 722 2938 dirigatur,
750 2896 896 2935 sphaerica
909 2902 963 2926 est.
1014 2897 1047 2927 Si
1090 2896 1207 2926 tionem
1222 2895 1480 2936 perpendicularis
1492 2907 1499 2925 z
1518 2901 1549 2925 et
1556 2894 1703 2935 quoniam
1714 2893 1923 2926 nullam-lin

213 2938 296 2968 enim
322 2939 494 2977 superficiei
517 2939 604 2969 fluidi
626 2949 695 2978 pars
716 2938 819 2979 aliqua
833 2939 871 2968 ad
892 2938 1048 2979 gravitatis
1091 2939 1275 2978 superficies,
1301 2944 1411 2977 praeter
1424 2937 1612 2977 sphaericam,
1637 2947 1707 2978 quae
1721 2937 1800 2967 hunc
1812 2937 1923 2968 habent

213 2980 414 3011 directionem
431 2982 577 3014 inclinata
590 2982 638 3019 sit,
654 2981 822 3013 resolvatur
838 2981 883 3011 vis
894 2981 1051 3022 gravitatis
1094 2981 1320 3020 proprietatem,
1343 2986 1380 3011 ut
1393 2980 1483 3010 lineae
1497 2990 1605 3010 omnes
1618 2980 1677 3019 ipsi
1690 2978 1923 3019 perpendioeln-

214 3022 248 3054 in
278 3023 355 3053 duas
380 3024 458 3054 vires
476 3034 611 3064 quarum
634 3034 699 3055 una
724 3023 922 3055 directionem
943 3024 1052 3054 habeat
1093 3033 1142 3057 nes
1155 3023 1195 3054 ed
1210 3030 1351 3054 centrum
1365 3033 1464 3054 unum
1479 3028 1672 3061 concurrant,
1687 3020 1860 3062 superficies
1869 3020 1923 3053 ina

217 3065 387 3106 superficiei
405 3058 492 3096 fluidi
514 3066 808 3106 perpendicularem,
836 3066 930 3097 altera
951 3065 1051 3105 paral-
1094 3065 1181 3096 fluidi
1193 3066 1338 3106 sphaerica
1351 3065 1417 3097 erit.
1466 3065 1507 3101 Q.
1525 3076 1552 3096 e.
1570 3064 1600 3096 d.
1868 3099 1885 3117 x
