2066 3548
154 226 299 269 Lmen
321 228 540 280 Saeuum]
628 228 947 271 PRINCIPIA
982 228 1470 270 MATHEMATICA.
1787 235 1834 272 31

146 350 269 391 quam
288 336 470 379 invenire
490 338 684 392 oportuit.
743 338 795 393 (b)
818 338 887 379 Ex
905 337 983 379 hac
1003 338 1160 379 ratione
1180 338 1412 394 colligenda
1430 346 1493 379 est
1511 337 1726 394 longitudo
1746 342 1790 382 D
1806 341 1842 382 F

146 421 219 461 per
239 407 464 458 calculum3
494 416 536 450 et
555 409 770 465 longitudo
788 422 882 464 quae
902 408 955 450 sit
974 409 1029 450 ad
1048 417 1297 464 assumptam
1317 409 1618 466 longitudinem
1647 410 1691 451 D
1715 411 1763 460 Ρ,
1796 423 1841 454 ut

142 476 359 533 longitudo
380 477 424 520 D
447 478 484 519 F
507 493 583 532 per
612 478 940 533 experimentum
975 479 1140 536 cognita
1172 479 1227 520 ad
1255 479 1555 536 longitudinem
1586 479 1629 520 D
1653 479 1688 520 F
1715 482 1840 522 modo

142 548 362 600 inventam,
385 550 463 591 erit
482 565 578 591 vera
597 549 813 606 longitudo
834 549 876 590 D
900 550 948 591 P.
1009 549 1106 600 Qua
1134 549 1313 600 inventa,
1344 550 1520 591 habetur
1539 559 1628 591 tum
1647 564 1773 591 curva
1792 551 1840 591 li-

141 633 222 661 nea
240 620 285 662 D
305 635 327 661 r
346 636 371 662 a
392 621 428 662 F
446 636 570 676 quam
589 636 739 677 corpus
759 621 966 674 describit,
998 630 1086 665 tum
1106 623 1291 678 corporis
1319 622 1513 665 velocitas
1542 631 1585 666 et
1612 623 1840 665 resistentia

144 690 189 732 in
206 690 307 733 locis
323 691 507 748 singulis.

888 860 1090 902 Scholium.

201 994 423 1044 Caeterum,
456 992 729 1035 resistentiam
758 1006 977 1049 corporum
1003 1009 1091 1037 esse
1109 995 1152 1037 in
1173 995 1334 1036 ratione
1354 995 1590 1046 velocitatis,
1628 997 1687 1051 (†)
1707 996 1839 1053 hypo-

139 1064 266 1106 thesis
300 1072 363 1106 est
392 1064 524 1121 magis
557 1064 844 1106 mathematica
877 1080 1000 1121 quam
1031 1065 1242 1107 naturalis.

140 1136 254 1177 omni
272 1143 432 1185 vacant,
463 1135 703 1177 resistentia}
723 1149 943 1190 corporum
964 1147 1060 1178 sunt
1079 1137 1122 1177 in
1142 1137 1349 1191 duplicata
1377 1138 1536 1178 ratione
1564 1138 1838 1181 velocitatum.

1303 1065 1353 1106 In
1383 1065 1542 1116 mediis,
1579 1081 1672 1122 quae
1701 1068 1840 1124 rigore

141 1212 189 1267 (⁶)
212 1211 380 1253 Etenim
399 1211 558 1252 actione
579 1211 763 1266 corporis
783 1211 998 1253 velocioris
1019 1212 1344 1253 communicatur
1363 1211 1496 1253 eidem
1524 1212 1650 1253 medii
1678 1213 1840 1267 quanti-

139 1287 226 1337 tati,
248 1295 435 1342 tempore
454 1286 627 1336 minore,
649 1293 785 1327 motus
805 1288 936 1342 major
956 1287 999 1327 in
1019 1286 1178 1328 ratione
1197 1285 1362 1340 majoris
1389 1285 1636 1334 velocitatis3
1665 1285 1840 1341 ideoque

137 1367 323 1415 tempore
343 1359 505 1415 aequali,
541 1359 596 1400 ob
615 1359 814 1414 majorem
833 1358 958 1400 medii
987 1359 1255 1414 quantitatem
1284 1357 1580 1412 perturbatam,
1612 1359 1838 1398 communi-

138 1439 255 1474 catur
283 1438 419 1472 motus
453 1431 498 1471 in
526 1429 734 1485 duplicata
764 1430 923 1472 ratione
951 1431 1106 1484 major3
1147 1437 1290 1484 estque
1320 1428 1549 1469 resistentia
1579 1431 1670 1483 (per
1691 1428 1837 1470 Motfis

138 1561 283 1594 sistentiae
293 1560 337 1594 ad
347 1559 528 1602 gravitatem
536 1565 618 1591 recte
633 1565 790 1599 assumpta
804 1559 865 1590 fuit
880 1559 964 1601 (65).

1053 1560 1103 1602 (†)
1129 1563 1178 1591 67.
1206 1559 1258 1590 Ex
1283 1569 1376 1597 supra
1403 1557 1616 1589 demonstratis
1641 1556 1838 1588 determinari

140 1606 246 1642 Quare
259 1614 334 1634 cum
349 1604 372 1634 S
387 1603 426 1634 M
441 1609 629 1642 assumptam
643 1602 729 1632 illam
743 1603 894 1632 rationem
913 1612 967 1632 ex·
1362 1601 1370 1608 ”

1008 1609 1132 1642 possent
1141 1608 1245 1632 motus
1253 1611 1387 1640 corporis
1397 1601 1429 1630 in
1444 1601 1547 1631 medio
1556 1601 1640 1641 quod
1650 1600 1759 1631 resistit
1768 1611 1838 1640 par-

138 1653 242 1686 ponat‚
258 1654 290 1677 et
303 1646 510 1676 evanescatM
527 1645 560 1676 N
574 1645 628 1676 ubi
644 1645 667 1676 S
684 1645 721 1675 M
737 1644 773 1675 fit
789 1645 811 1675 S
829 1645 868 1680 Χ,
884 1650 968 1684 patet

137 1690 171 1720 in
185 1690 244 1720 hoc
257 1699 330 1719 casu
354 1687 504 1718 rationem
522 1687 700 1718 resistentia:
725 1687 766 1717 ad
787 1687 968 1728 gravitatem

137 1737 220 1762 recte
234 1730 347 1770 exponi
365 1740 421 1769 per
439 1729 553 1760 lineam
578 1730 600 1760 S
616 1729 660 1759 X.
710 1729 821 1769 Itaque
835 1729 859 1758 si
874 1729 968 1759 innu-

138 1783 232 1804 merae
245 1773 383 1803 abscissae
401 1772 422 1802 S
439 1772 477 1802 M
492 1777 657 1811 assumptae
671 1771 812 1808 fuissent,
829 1778 859 1802 et
872 1772 966 1802 innu-

137 1826 231 1846 merae
251 1815 400 1845 ordinatae
422 1814 456 1844 N
473 1814 511 1844 M
532 1824 587 1853 per
600 1813 810 1852 experimenta
822 1813 967 1844 determi-

137 1865 228 1895 natae,
249 1867 343 1888 curva
363 1866 457 1897 quam
472 1862 623 1895 punctum
640 1854 672 1886 N
686 1855 835 1895 perpetuo
857 1856 966 1895 tangit,

137 1901 287 1931 rationem
309 1905 483 1929 accuratam
511 1898 690 1929 resistentiae
718 1896 758 1928 ad
785 1898 965 1937 gravitatem

137 1942 353 1972 determinaret
373 1951 428 1980 per
442 1941 508 1981 ejus
523 1940 769 1971 intersectionem
787 1941 821 1971 X
841 1951 914 1971 cum
929 1941 965 1971 li-

137 1984 197 2015 nea
220 1985 241 2015 S
257 1984 315 2021 M;
345 1982 476 2023 ideoque
500 1983 527 2013 si
556 1983 655 2013 multa
684 1983 765 2013 fiunt
787 1983 966 2020 tentamina,

137 2027 241 2066 sicque
254 2026 344 2065 plura
357 2025 553 2056 obtineantur
566 2032 681 2064 puncta
693 2025 735 2061 N,
751 2032 782 2056 et
796 2035 850 2064 per
864 2036 900 2056 ea
909 2025 967 2056 du-

139 2075 226 2099 catur
250 2078 343 2098 curva
370 2067 520 2108 regularis
550 2067 584 2098 N
607 2068 639 2098 N
664 2068 698 2098 X
722 2068 763 2101 N.
793 2068 847 2099 illa
874 2078 968 2108 quam

137 2111 277 2150 proxime
303 2116 456 2149 punctum
486 2109 521 2140 X
549 2109 713 2149 quaesitum
735 2109 966 2148 determinabit3

137 2152 317 2183 methodum
329 2157 432 2182 autem
447 2151 580 2182 ducendi
592 2161 718 2182 curvam
726 2153 898 2192 regularem
913 2163 968 2191 per

137 2195 226 2234 plura
234 2202 348 2225 nuncta
357 2193 427 2224 data
435 2204 508 2224 mox
518 2194 551 2223 in
565 2193 687 2224 Scholio
695 2204 804 2225 sumus
813 2195 963 2225 tradituri·

180 2237 224 2278 (ὓ)
233 2237 307 2267 *Ex
326 2239 382 2267 Ιιαο
403 2238 521 2267 ratione
546 2238 707 2276 colligenda
729 2243 780 2272 est,
805 2237 861 2267 8ιο-
910 2237 966 2273 Sit,

137 2279 271 2317 exempli
293 2278 395 2315 eausa,
424 2278 502 2308 ratio
534 2285 692 2318 assumpta
718 2279 898 2310 resistentiae
927 2279 967 2310 ad

138 2333 320 2374 gravitatem
343 2335 357 2362 1
383 2330 424 2362 ad
440 2335 489 2369 10,
514 2342 570 2362 seu
594 2332 616 2362 S
632 2333 670 2362 M
685 2345 732 2362 =
752 2325 824 2375 1¹53
848 2332 971 2362 inventa

136 2375 968 2457 autemsitSX=2SM=17⁹5={;Aeritre-

809 2437 828 2457 x

137 2428 274 2458 sistentia
295 2427 334 2458 ad
355 2428 536 2468 gravitatem
558 2434 595 2458 ut
613 2431 624 2458 l
643 2427 683 2458 ad
698 2430 727 2459 5.
842 2427 898 2457 hac
920 2437 969 2457 ra-

136 2471 220 2500 tione
245 2476 275 2500 et
298 2469 454 2510 assumpti
479 2469 675 2511 longitudine
699 2471 732 2500 D
746 2469 776 2501 P
795 2468 969 2510 colligenda

137 2519 183 2543 est
206 2512 370 2553 longitudo
393 2512 426 2543 D
445 2513 471 2543 F
492 2523 546 2543 seu
567 2512 738 2551 amplituda
755 2511 857 2552 jactas
873 2513 966 2552 (64);

136 2561 168 2585 et
190 2555 338 2595 quoniam
362 2554 488 2585 inventii
508 2555 579 2586 vera
600 2555 718 2586 ratione
735 2554 914 2586 resistentiae
927 2553 967 2584 ad

137 2597 327 2637 gravitatem,
343 2597 514 2638 trajector-ia
527 2607 582 2636 per
595 2597 751 2628 calculum
765 2597 814 2627 vel
828 2607 883 2636 per
893 2606 967 2627 cou-

137 2639 336 2670 structionem
358 2640 483 2670 inventa
496 2638 605 2670 similis
619 2646 666 2670 est
679 2640 858 2682 trajectoriae
873 2649 967 2680 quam

138 2691 249 2721 corpus
261 2681 406 2712 inmedio
420 2683 587 2719 resistente,
602 2681 707 2713 reversi
723 2682 867 2713 describit
881 2681 965 2723 (65),

138 2723 197 2754 erit
221 2724 392 2762 amplitudo
418 2725 450 2756 D
474 2724 502 2755 F
524 2735 580 2764 per
604 2724 760 2755 calculum
782 2724 906 2754 inventa
928 2723 968 2754 ad

138 2765 374 2804 amplitudinem
391 2767 424 2797 D
439 2767 465 2797 F
478 2776 533 2806 per
547 2769 792 2806 experimentum
801 2767 967 2807 cognitam,

139 2814 174 2838 ut
189 2815 344 2847 assumpta
356 2808 520 2850 longitudo
538 2810 570 2840 D
588 2809 616 2840 P
630 2809 671 2840 ad
685 2819 786 2840 veram
800 2808 969 2849 longitudi-

139 2860 211 2880 nem
231 2851 264 2881 D
282 2850 310 2881 P
325 2861 379 2890 pro
393 2851 563 2892 n-ajectoria
577 2852 611 2882 in
624 2851 728 2882 medio
741 2851 899 2882 resistente
913 2851 965 2881 de-

140 2892 262 2932 scripta.
312 2893 385 2924 Hac
398 2899 502 2924 autem
516 2893 713 2935 longitudine
728 2892 859 2928 inventii,
876 2894 968 2924 habe-

140 2940 192 2965 tur
207 2937 276 2976 (per
293 2935 365 2966 Cor.
380 2935 424 2972 4.)
440 2942 508 2966 tum
522 2946 616 2967 curva
628 2936 712 2967 linea
726 2936 758 2966 D
774 2946 790 2965 r
803 2945 822 2965 a
835 2935 862 2966 F
875 2946 967 2976 quam

139 2987 250 3016 corpus
270 2977 370 3016 reipsfi
380 2977 532 3015 describit,
554 2984 622 3008 tum
636 2978 770 3017 corporis
784 2977 927 3009 velocitas
939 2984 972 3009 et

139 3019 308 3051 resistentia
322 3019 355 3050 in
370 3019 446 3051 locis
458 3020 589 3062 singulis
600 3022 670 3063 (per
683 3021 754 3052 Cor.
773 3020 822 3061 5.)

1009 1645 1066 1675 tim
1077 1643 1279 1678 uniformiter,
1295 1643 1405 1682 partim
1420 1643 1452 1672 in
1461 1643 1579 1673 ratione
1590 1642 1765 1673 velocitatis,
1793 1643 1838 1674 Et

1010 1687 1135 1727 quidem
1149 1686 1175 1716 si
1190 1694 1299 1724 corpus
1314 1685 1378 1716 sola
1392 1685 1421 1715 vi
1436 1685 1526 1715 insita
1541 1686 1574 1715 in
1594 1686 1653 1715 hoc
1673 1684 1776 1715 medio
1790 1685 1838 1715 fe-

1010 1737 1106 1766 ratur,
1130 1739 1200 1768 pars
1224 1728 1277 1759 illa
1301 1727 1478 1758 resistentiae
1500 1737 1571 1768 quae
1593 1733 1638 1758 est
1662 1727 1836 1764 uniformis,

1008 1778 1155 1811 tanquam
1185 1771 1230 1800 vis
1257 1776 1399 1800 constans
1426 1770 1582 1810 gravitatis
1612 1769 1674 1809 qui
1702 1770 1836 1808 eorporis

1009 1813 1199 1844 ascendentis
1212 1819 1316 1843 motus
1336 1812 1513 1846 retardatur,
1541 1811 1759 1842 consideranda
1780 1818 1834 1846 est,

1010 1863 1042 1887 et
1061 1856 1094 1885 in
1115 1855 1321 1894 superioribus
1337 1854 1613 1884 constructionibus
1626 1863 1683 1894 pro
1703 1854 1837 1892 corporis

1007 1908 1144 1935 ascensu,
1161 1906 1223 1927 non
1237 1897 1378 1937 gravitas,
1402 1896 1456 1926 sed
1477 1906 1515 1926 ea
1534 1896 1703 1926 resistentia
1716 1896 1836 1926 unifor-
1887 1900 1894 1906 “

1008 1941 1068 1971 mis
1082 1940 1154 1970 data
1174 1950 1229 1979 per
1242 1940 1354 1970 lineam
1372 1939 1403 1969 A
1422 1939 1459 1975 C,
1483 1939 1531 1968 vel
1545 1949 1599 1977 per
1619 1938 1836 1979 rectangulum

1013 1984 1043 2013 A
1061 1983 1097 2013 H
1113 1981 1224 2022 exponi
1239 1982 1338 2012 debet.
1386 1980 1419 2012 Si
1433 1991 1505 2011 vero
1519 1991 1630 2020 corpus
1643 1981 1674 2011 in
1690 1980 1837 2020 praedicto

1009 2025 1113 2056 medio
1134 2026 1164 2054 vi
1185 2024 1340 2065 gravitatis
1361 2024 1453 2054 etiarn
1474 2030 1628 2064 urgeatur.
1654 2023 1736 2053 linea
1758 2024 1789 2053 A
1809 2024 1836 2054 C

1010 2068 1189 2108 gravitatem
1211 2073 1241 2097 et
1261 2066 1439 2097 resistentia}
1452 2072 1568 2105 partem
1592 2065 1778 2096 uniformem
1795 2065 1836 2095 si-

1009 2110 1076 2140 mul
1087 2111 1218 2150 junctaS‚
1234 2109 1258 2139 si
1274 2119 1384 2148 corpus
1394 2108 1539 2144 ascendit,
1555 2114 1586 2138 et
1596 2118 1755 2138 excessum
1765 2118 1836 2148 gra-

1010 2152 1110 2182 vitatis
1123 2162 1215 2191 supra
1229 2161 1298 2181 eam
1311 2150 1487 2181 resistentiae
1507 2157 1624 2189 partem
1639 2150 1835 2186 uniformem,

1009 2194 1035 2224 si
1050 2204 1160 2233 corpus
1181 2193 1344 2227 descendit,
1372 2198 1512 2231 exponet.
1562 2193 1634 2228 Qua
1648 2194 1763 2222 ratione
1777 2202 1836 2222 cae-

1009 2236 1081 2266 teris
1102 2235 1306 2271 manentibus,
1331 2234 1616 2265 determinabuntur
1643 2242 1746 2273 motus
1770 2244 1836 2263 cor-

1010 2278 1092 2318 poris
1111 2284 1180 2308 tum
1202 2277 1266 2307 sola
1288 2277 1317 2306 vi
1339 2276 1430 2307 insita
1443 2276 1528 2310 moti,
1555 2282 1623 2306 tum
1638 2276 1667 2305 vi
1682 2275 1836 2316 gravitatis

1013 2328 1143 2360 urgente
1167 2318 1358 2350 ascendentis
1382 2326 1413 2349 et
1441 2317 1651 2348 descendentis
1675 2318 1708 2347 in
1733 2317 1837 2347 medio

1011 2362 1096 2403 quod
1120 2360 1231 2393 resistit
1258 2362 1370 2401 partim
1397 2360 1430 2391 in
1459 2361 1575 2391 ratione
1606 2359 1688 2394 datii,
1725 2359 1837 2398 partim

1010 2405 1043 2435 in
1065 2405 1181 2436 ratione
1205 2403 1380 2442 velocitatis,
1410 2409 1479 2434 tum
1499 2403 1591 2433 etiam
1612 2401 1745 2442 corporis
1765 2412 1836 2441 pro-

1005 2446 1091 2489 jecti.

1053 2511 1099 2552 (⁰)
1123 2512 1248 2543 Etenim
1262 2511 1387 2548 ‹ze-timue,
1401 2511 1457 2542 &a
1498 2509 1580 2541 Haec
1591 2514 1695 2549 patent
1708 2518 1762 2549 per
1781 2509 1835 2540 de.

1009 2560 1179 2585 monstrata
1194 2554 1254 2593 (8).

1052 2601 1103 2628 68.
1140 2598 1300 2627 Scholium.
1344 2595 1395 2627 Ex
1518 2594 1602 2625 tione
1636 2593 1675 2624 ad
1711 2603 1835 2625 curvam

1011 2639 1046 2670 D
1060 2649 1076 2669 r
1089 2650 1108 2669 a
1124 2639 1159 2674 F,
1185 2649 1278 2679 quarn
1301 2638 1372 2676 (57)
1394 2638 1577 2672 invenimus,
1599 2636 1762 2667 deducitur
1775 2638 1835 2666 hu-

1004 2682 1060 2723 jus
1073 2692 1174 2712 curvae
1189 2691 1243 2720 per
1256 2680 1499 2721 logarithmicam
1520 2680 1592 2710 satis
1611 2679 1736 2720 elegans
1759 2689 1835 2710 con-

1010 2724 1145 2759 structio,
1169 2723 1231 2764 qua
1245 2723 1294 2753 usi
1308 2730 1381 2753 sunt
1395 2722 1605 2762 Varignonius
1624 2727 1655 2753 et
1678 2722 1837 2752 Herman-

1010 2776 1080 2797 nus.
1127 2767 1208 2796 Eam
1230 2765 1280 2795 hic
1308 2774 1496 2804 exponemus
1524 2764 1661 2794 breviter.
1710 2764 1836 2794 Deinde

1011 2819 1084 2839 cum
1098 2808 1131 2838 in
1146 2808 1308 2847 superioris
1321 2807 1534 2846 propositionis
1547 2806 1715 2837 Corollario
1725 2806 1836 2836 ultimo

1010 2857 1042 2882 et
1064 2851 1138 2882 alibi
1163 2857 1269 2890 postea
1292 2848 1490 2880 describenda
1508 2849 1548 2879 sit
1570 2859 1662 2879 curva
1687 2848 1836 2888 regularis

1010 2904 1080 2933 quae
1104 2903 1159 2933 per
1181 2892 1252 2923 data
1278 2898 1394 2931 puncta
1417 2897 1559 2928 transeat,
1587 2892 1646 2922 hoc
1668 2892 1832 2930 problema,

1009 2935 1094 2976 quod
1119 2936 1292 2966 Newtonus
1315 2935 1348 2964 in
1375 2933 1515 2972 Epistola
1534 2933 1574 2964 ad
1597 2934 1835 2973 oldenburgum

1012 2989 1096 3008 anno
1114 2981 1203 3009 1676.
1218 2976 1290 3007 data
1303 2986 1404 3007 unum
1413 2975 1478 3006 fere
1491 2986 1528 3006 ex
1540 2975 1752 3015 pulcherrimis
1762 2975 1836 3006 dicit

1012 3020 1096 3061 quod
1110 3020 1226 3052 solvere
1239 3018 1463 3056 desideraverit,
1477 3018 1640 3050 solvemus.
