2066 3548
106 272 257 315 Luam
279 271 498 323 Saeuum]
542 267 866 312 PRINCIPIA
897 267 1396 310 MATHEMATICA.
1468 293 1470 298 s
1742 273 1827 310 249

105 383 226 441 aquz‘i,
258 397 370 439 saepe
389 383 572 433 demissi,
602 382 806 424 cadebant
824 379 1082 435 temporibus
1101 379 1405 421 oscillationum
1436 382 1532 432 172³,
1558 385 1634 430 18,
1668 382 1749 433 182}
1782 387 1826 421 et

108 462 175 507 19,
199 455 477 498 describentes
497 454 758 497 altitudinem
779 452 1005 509 digitorum
1028 457 1151 507 18122.
1213 452 1269 493 Et
1288 451 1360 493 ubi
1379 451 1619 493 ceciderunt
1639 459 1823 507 tempore

104 527 409 570 oscillationum
426 533 499 579 -19,
520 514 820 581 nonnunquam
840 524 979 566 audivi
998 523 1226 578 impulsum
1245 536 1390 564 eorum
1409 522 1455 564 in
1473 522 1604 564 latera
1623 523 1730 564 vasis
1741 538 1824 564 <m-

105 609 272 656 tequam
292 601 346 642 ad
365 586 542 642 fundum
560 605 851 655 pervenerunt.

163 673 248 714 Per
276 673 480 715 theoriam
499 671 598 714 vero
619 670 768 713 cadere
796 670 1030 712 debuerunt
1047 677 1235 725 tempore
1253 668 1556 711 oscillationum
1579 670 1659 725 153·
1678 683 1823 725 quam-

103 744 306 800 proxime.
1646 741 1647 745 ’

160 818 314 870 Exper.
340 820 407 857 11.
441 815 572 858 Globi
590 822 674 857 tres
694 814 888 872 aequales,
909 812 1096 870 pondere
1116 827 1343 869 granorum
1363 819 1418 856 48
1438 813 1482 854 in
1503 816 1598 855 aEre
1618 821 1660 855 et
1680 813 1758 865 3323
1779 813 1822 854 in

102 886 210 943 aqua
230 901 342 941 saepe
363 886 542 938 demissi,
574 886 813 928 ceciderunt
831 884 1088 940 temporibus
1108 884 1412 927 oscillationum
1432 889 1530 939 433,
1553 891 1623 935 44,
1645 889 1743 938 445,
1766 890 1820 927 45

103 966 144 1000 et
163 963 233 1008 46,
265 964 308 999 et
329 957 509 998 maxima
540 972 594 1000 ex
620 965 739 1013 parte
769 962 824 998 44
844 963 888 998 et
905 960 976 1006 45,
1006 954 1286 997 describentes
1316 956 1577 998 altitudinem
1596 956 1823 1013 digitorum

106 1033 216 1083 182}
239 1028 569 1086 quamproxime.
656 1034 660 1036 ⁷

163 1101 247 1142 Per
265 1100 468 1142 theoriam
488 1091 635 1142 cadere
655 1099 888 1142 debuerunt
906 1107 1093 1154 tempore
1113 1099 1421 1141 oscillationum
1442 1103 1526 1158 463
1546 1099 1721 1141 circiter.

160 1174 314 1226 Exper.
339 1177 406 1213 12.
438 1171 568 1214 Globi
586 1165 670 1213 tres
692 1171 886 1228 aequales,
907 1170 1094 1225 pondere
1104 1185 1332 1227 granorum
1361 1176 1440 1212 141
1466 1171 1510 1211 in
1530 1172 1624 1212 ae‘re
1644 1178 1687 1211 et
1706 1170 1758 1221 4³3
1779 1170 1824 1212 in

103 1242 226 1299 aqua,
248 1242 464 1298 aliquoties
484 1242 662 1301 demissi,
694 1242 934 1284 ceciderunt
953 1241 1210 1296 temporibus
1241 1241 1545 1283 oscillationum
1566 1246 1635 1291 61,
1659 1245 1728 1292 62,
1751 1247 1821 1292 63,

103 1321 158 1358 64
178 1323 220 1356 et
241 1320 310 1370 65,
332 1314 612 1356 describentes
631 1313 890 1355 altitudinem
911 1313 1138 1370 digitorum
1162 1318 1257 1355 182.

163 1384 325 1440 Et-per
353 1385 558 1427 theoriam
587 1384 735 1426 cadere
764 1384 998 1427 debuerunt
1028 1391 1215 1439 tempore
1249 1382 1551 1426 oscillationum
1572 1384 1655 1436 64}
1683 1397 1824 1439 quam-

42 1484 50 1487 ·
103 1455 308 1512 proxime.

163 1527 247 1569 Per
264 1526 357 1568 haec
377 1526 660 1582 experimenta
684 1525 946 1568 manifestum
966 1533 1029 1568 est
1050 1525 1176 1582 quod,
1206 1525 1280 1567 ubi
1298 1524 1414 1582 globi
1433 1523 1551 1566 tarde
1571 1525 1823 1576 ceciderunt,

105 1606 152 1640 ut
171 1598 215 1640 in
235 1597 528 1654 experimentis
549 1597 754 1648 secundis,
775 1598 945 1654 quartis,
967 1597 1134 1654 quintis,
1156 1596 1323 1646 octavis,
1345 1595 1575 1638 undecimis
1593 1611 1642 1637 ac
1662 1596 1826 1638 duode-

106 1671 236 1721 cimis,
258 1679 448 1726 tempora
462 1669 639 1712 cadendi
657 1669 769 1712 recte
789 1669 1038 1711 exhibentur
1055 1685 1132 1725 per
1150 1669 1369 1718 theoriam,
1401 1676 1443 1709 at
1461 1668 1534 1709 ubi
1561 1668 1677 1725 globi
1707 1668 1826 1710 velo-

107 1743 195 1786 cius
216 1744 468 1794 ceciderunt,
490 1751 538 1784 ut
556 1743 599 1784 in
620 1742 915 1798 experimentis
935 1742 1075 1793 sextis,
1097 1741 1219 1784 nonis
1238 1755 1287 1783 ac
1307 1740 1492 1791 decimis,
1522 1740 1573 1795 (⁸)
1594 1741 1826 1783 resistentia

104 1816 233 1872 paulo
251 1816 384 1871 major
404 1815 542 1858 extitit
562 1830 686 1872 quam
705 1816 749 1856 in
770 1815 978 1871 duplicata
997 1815 1157 1858 ratione
1177 1814 1418 1857 velocitatis.
1478 1814 1590 1855 Nam
1619 1814 1734 1871 globi
1760 1814 1825 1855 in-

113 1896 177 1930 ter
196 1888 430 1930 cadendum
449 1887 638 1930 oscillant
655 1888 979 1944 aliquantulum:
1001 1896 1043 1930 et
1062 1888 1153 1930 haec
1172 1878 1371 1932 'osculatio
1386 1887 1430 1928 in
1444 1886 1581 1944 globis
1601 1886 1825 1928 levioribus

76 2010 78 2013 y
107 1967 150 2001 et
168 1959 327 2001 tardius
357 1959 612 2010 cadentibus,
647 1959 702 2002 ob
731 1959 868 2002 motus
898 1960 1144 2017 languorem
1174 1959 1258 2001 cito
1292 1966 1423 2001 cessat
1434 1975 1446 2009 ;
1485 1959 1529 1999 in
1561 1958 1825 2016 gravioribus

107 2039 247 2074 autem
266 2039 308 2073 et
325 2031 563 2086 majoribus,
586 2032 642 2073 ob
660 2031 797 2074 motus
816 2032 1102 2074 fortitudinem
1121 2033 1275 2081 diutius
1296 2032 1432 2082 durat,
1454 2039 1496 2073 et
1514 2045 1600 2072 non
1621 2031 1704 2072 nisi
1725 2037 1823 2086 post

107 2105 249 2160 plures
269 2103 546 2145 oscillationes
566 2104 620 2145 ab
640 2104 747 2160 aqua
776 2104 982 2145 ambiente
1010 2104 1195 2146 cohiberi
1220 2112 1371 2159 potest.
1432 2104 1675 2153 Quinetiam
1693 2102 1825 2160 globi,

111 2192 194 2234 quo
213 2175 440 2219 velociores
460 2184 572 2227 sunt,
605 2191 656 2218 eo
674 2177 812 2218 minus
831 2185 1076 2231 premuntur
1095 2193 1122 2218 a
1138 2177 1268 2219 fluido
1288 2177 1342 2218 ad
1361 2178 1542 2232 posticas
1559 2192 1652 2218 suas
1667 2184 1826 2232 partes;

112 2256 155 2291 et
175 2248 211 2290 si
230 2248 423 2290 velocitas
442 2256 645 2303 perpetuo
671 2258 884 2306 augeatur,
919 2250 1098 2305 spatium
1125 2265 1302 2292 vacuum
1322 2250 1489 2292 tandem
1509 2265 1535 2291 a
1554 2258 1672 2306 tergo
1701 2249 1827 2290 relin—

111 2332 251 2380 quent,
275 2323 326 2379 (1')
347 2322 426 2364 nisi
445 2324 697 2379 compressio
714 2323 833 2365 fluidi
852 2324 975 2366 simul
994 2332 1206 2382 augeatur.
1249 2324 1390 2367 Debet
1409 2332 1550 2366 autem
1570 2309 1826 2379 compressio

110 2397 228 2439 fluidi
251 2400 344 2453 (per
365 2397 490 2452 Prop.
514 2396 721 2439 XXXII.
742 2405 784 2439 et
817 2397 1067 2451 XXXIII.)
1103 2398 1151 2453 (⁰)
1173 2398 1317 2455 augeri
1346 2397 1391 2438 in
1425 2396 1633 2451 duplicata
1667 2396 1828 2438 ratione

113 2468 352 2518 velocitatis,
387 2475 435 2509 ut
463 2467 694 2509 resistentia
714 2467 768 2509 sit
787 2468 831 2509 in
857 2467 1003 2510 eadem
1033 2467 1241 2524 duplicata
1271 2468 1443 2510 ratione.
1505 2467 1717 2517 Quoniam
1746 2466 1828 2508 hoc

114 2553 201 2581 non
219 2539 280 2591 fit,
307 2539 423 2596 globi
443 2540 666 2583 velociores
685 2540 812 2597 paulo
831 2542 968 2583 minus
987 2549 1234 2598 premuntur
1252 2556 1279 2582 a
1297 2548 1431 2598 tergo,
1463 2548 1505 2582 et
1524 2539 1687 2581 defectu
1707 2554 1824 2595 pres-

163 2697 208 2739 (s)
226 2700 244 2718 ¹*
262 2699 442 2731 Retinet-ntia
462 2702 558 2740 paulo
572 2700 676 2742 mjm:
685 2702 779 2733 extitit
801 2712 897 2742 quam
917 2703 954 2734 in
996 2701 1036 2733 ad
1059 2701 1191 2741 posticas
1212 2701 1297 2732 illius
1321 2707 1422 2742 partes
1446 2701 1518 2732 satis
1540 2699 1601 2731 cito
1621 2708 1777 2730 recurrere
1798 2704 1830 2729 et

125 2739 280 2780 duplicata
294 2743 408 2774 ratione
422 2745 591 2775 velocitatis.
641 2743 672 2774 Si
687 2744 770 2774 enim
785 2744 956 2775 resistenda
996 2745 1101 2775 locum
1116 2756 1136 2775 a
1148 2745 1243 2786 globo
1255 2744 1398 2775 relictum
1410 2744 1511 2774 statim
1522 2752 1673 2783 occupare
1686 2747 1829 2782 nequeat,

125 2781 266 2814 accurate
293 2789 371 2814 esset
397 2784 431 2814 in
459 2785 615 2825 duplicata
637 2786 806 2817 velocitatis
826 2786 953 2822 ratione,
997 2787 1057 2818 nisi
1071 2787 1160 2818 fluidi
1174 2787 1358 2826 compressio
1379 2792 1539 2827 augeatur,
1567 2791 1603 2815 ut
1622 2794 1678 2824 per
1698 2784 1831 2815 fluidum

120 2832 260 2864 tempora
273 2825 402 2856 cadendi
416 2833 480 2858 tam
493 2838 548 2868 per
561 2829 772 2867 experimenta
788 2839 883 2869 quam
897 2839 953 2868 per
995 2831 1110 2869 pressio
1124 2835 1156 2860 et
1169 2836 1273 2860 motus
1286 2828 1416 2860 celerius
1429 2833 1648 2868 propagentur.

51 2899 57 2906 ‚
122 2867 272 2898 theoriam
291 2867 427 2906 definita,
447 2877 660 2911 aequarentur3
685 2877 717 2901 at
737 2870 764 2901 si
785 2871 955 2902 resistentia
1041 2872 1086 2914 (ξ’)
1104 2875 1121 2892 *
1139 2873 1259 2912 Anger-i
1279 2874 1314 2903 in
1335 2869 1491 2910 duplicata
1516 2873 1634 2901 ratione
1660 2870 1831 2906 velocitatis,

122 2910 222 2950 major
235 2920 329 2950 quam
342 2910 376 2940 in
389 2911 544 2951 duplicata
556 2915 675 2944 ratione
685 2913 861 2950 velocitatis,
877 2919 955 2945 tem-
997 2914 1053 2945 &c.
1100 2915 1185 2945 Nam
1209 2920 1310 2954 partes
1332 2913 1422 2943 fluidi
1443 2922 1498 2952 per
1518 2913 1775 2951 compressionem
1797 2911 1831 2941 in

123 2963 200 2992 pora
213 2953 326 2992 quibus
339 2963 450 2993 corpus
463 2955 602 2987 cadendo
615 2956 725 2987 datum
747 2956 882 2995 spatium
903 2956 958 2987 de·
1001 2967 1034 2987 se
1054 2963 1165 2988 mutuo
1188 2962 1287 2998 agunt
1303 2962 1335 2986 et
1358 2961 1498 2996 reagunt,
1522 2961 1554 2985 et
1574 2955 1601 2985 si
1622 2954 1700 2984 vires
1721 2955 1834 2995 quibus

124 2994 238 3032 scribit,
255 2994 372 3035 majora
384 3006 450 3026 aese
463 2996 575 3029 debent
588 2997 621 3028 in
635 2998 852 3038 experimentis
865 3008 959 3039 quam
1002 2999 1089 3029 fluidi
1112 2999 1270 3038 particulae
1285 3009 1317 3029 se
1331 2996 1444 3028 mutuo
1463 2997 1591 3039 agitant,
1607 3004 1780 3038 augeantur
1799 2996 1833 3026 in

125 3037 158 3067 in
175 3037 301 3074 theoria,
324 3047 395 3077 quae
407 3039 560 3070 minorem
579 3041 781 3072 resistentiam
803 3042 957 3080 supponit.
1004 3041 1161 3080 duplicata
1189 3042 1306 3072 ratione
1334 3039 1512 3077 velocitatis,
1544 3039 1715 3070 resistentia
1735 3045 1780 3069 est
1801 3039 1834 3068 in

170 3079 215 3120 (δ)
235 3083 252 3099 ⁸
271 3082 345 3111 Nisi
366 3084 546 3121 compressio
561 3085 660 3125 fluidi
683 3085 776 3115 simul
796 3090 956 3122 augeatur.
1002 3084 1110 3114 eadem
1139 3084 1256 3114 ratione
1285 3082 1451 3123 duplicati,
1483 3093 1539 3123 per
1569 3083 1640 3114 Cor.
1674 3086 1704 3113 2.
1737 3082 1832 3120 Prop.

130 3121 231 3153 Tanta
243 3123 326 3154 enim
336 3133 400 3154 esse
408 3130 508 3163 potest
519 3125 604 3165 globi
612 3126 763 3162 velocitas
779 3132 815 3157 ut
826 3125 960 3157 fluidum
1005 3127 1155 3158 XXXII
1162 3126 1188 3157 Ι.
