2066 3548
201 275 218 309 1
229 274 246 309 1
257 274 281 309 8
617 267 1067 310 PHILOSOPHIAE
1097 268 1461 312 NATURALIS
1537 269 1684 322 [Mo'r.
1700 271 1898 317 C'onpom

256 380 383 421 Coroc.
421 384 458 421 5.
513 378 570 420 Et
607 380 801 434 quoniam
845 379 890 419 in
935 379 1159 434 aequalibus
1198 394 1223 420 a
1262 387 1404 421 centro
1452 380 1654 424 distantiis
1702 382 1897 424 velocitas

197 451 248 505 (d)
270 451 413 493 eadem
433 459 495 492 est
513 452 556 491 in
577 451 716 505 spirali
738 451 774 492 P
790 450 833 500 Q
851 451 890 491 R
910 458 1032 506 atque
1052 451 1095 491 in
1114 450 1224 492 recta
1249 452 1278 493 S
1297 452 1345 502 P,
1368 459 1408 493 et
1426 452 1643 509 longitudo
1663 454 1822 507 spiralis
1842 454 1897 495 ad

194 523 493 580 longitudinem
507 530 629 563 rectae
653 521 688 562 P
712 522 742 563 S
762 529 826 563 est
843 521 886 561 in
907 520 1002 562 data
1022 521 1194 571 ratione,
1226 523 1274 578 (θ)
1296 537 1444 578 nempe
1472 523 1515 564 in
1545 523 1703 565 ratione
1723 524 1765 566 O
1787 525 1823 566 P
1842 525 1897 567 ad

196 595 238 638 Ο
260 597 312 646 S;
333 604 495 650 tempus
514 593 736 636 descensus
756 594 799 634 in

193 668 331 723 spirali
351 668 429 708 erit
454 666 508 708 ad
536 674 697 720 tempus
727 665 798 706 de-

192 737 355 780 scensus
375 736 548 778 inrecta
573 737 602 778 S
625 736 661 777 P
690 733 734 790 (f)
756 735 798 775 in

191 809 335 851 eadem
376 808 444 850 illfi
489 806 583 849 data
623 806 794 856 ratione,

190 881 445 936 proindeque
465 879 599 920 datur.
853 867 855 870 V

251 954 379 994 Corol.
397 958 436 994 6.
471 951 515 993 Si
530 957 671 991 centro
689 949 796 991 Sin-

189 1023 367 1065 tervallis
415 1021 578 1063 duobus
627 1020 795 1076 quibus-

190 1108 352 1149 cunque
379 1093 484 1139 datis
514 1091 797 1132 describantur

190 1165 274 1207 duo
289 1165 454 1213 circuli3
476 1171 516 1205 et
535 1162 795 1203 manentibus

189 1237 302 1278 hisce
322 1236 496 1285 circulis,
529 1242 712 1275 mutetur
732 1241 797 1274 ut-

189 1321 351 1363 cunque
374 1305 549 1362 angulus
570 1318 693 1360 quem
713 1303 795 1357 spi-

189 1381 285 1422 ralis
325 1380 507 1421 continet
545 1393 641 1419 cum
679 1377 795 1418 radio

193 1454 229 1495 P
247 1454 299 1495 S:
321 1466 518 1493 numerus
538 1450 837 1491 revolutionum
854 1462 953 1504 quas
974 1462 1123 1501 corpus
1139 1449 1248 1489 intra
1263 1448 1511 1490 circulorum
1525 1449 1885 1503 circumferentias,

189 1524 401 1581 pergendo
421 1524 464 1564 in
484 1522 623 1578 spirali
643 1537 668 1563 a
688 1519 1012 1562 circumferentia
1034 1520 1087 1561 ad
1107 1520 1489 1573 circumferentiam,
1507 1524 1716 1578 complere
1735 1532 1884 1579 potest,

191 1622 241 1677 (g)
264 1628 326 1662 est
344 1628 390 1662 ut
408 1593 512 1702 E{‚
536 1619 619 1660 sive
639 1627 685 1659 ut
704 1626 876 1673 tangens
898 1616 1038 1673 anguli
1057 1617 1165 1658 illius
1185 1631 1308 1672 quem
1326 1618 1486 1673 spiralis
1506 1620 1687 1661 continet
1706 1634 1800 1661 cum
1821 1636 1885 1662 ra-

1396 1717 1491 1760 ΟΡ

189 1747 259 1788 dio
280 1746 316 1787 P
339 1746 391 1794 S;
415 1743 465 1799 (¹¹)
479 1751 640 1798 tempus
655 1741 754 1783 vero
773 1742 1072 1784 revolutionum
1087 1742 1310 1783 earundem
1329 1749 1375 1783 ut
1397 1773 1504 1826 O—S,
1525 1743 1569 1785 id
1589 1751 1662 1795 est,
1684 1752 1730 1786 ut
1742 1723 1898 1788 secans·

188 1858 327 1914 anguli
344 1857 543 1913 ejusdem,
565 1856 630 1897 vel
650 1855 771 1897 etiam
791 1854 1000 1910 reciproce
1019 1862 1065 1896 ut
1083 1854 1209 1906 medii
1229 1854 1417 1896 densitas.

186 1997 330 2037 temporis
339 1996 451 2037 quibus
465 2005 592 2035 corpora
604 1994 668 2025 duo
681 1994 713 2024 in
727 1993 831 2024 medIo
844 2004 892 2024 re-
950 1999 986 2032 1)
1057 1992 1167 2033 quibus
1180 1998 1280 2032 partes
1293 1992 1355 2023 illae
1368 2003 1461 2034 quam
1475 1994 1612 2024 minimae
1632 1994 1666 2024 in
1687 1994 1789 2034 spirali
1803 1994 1882 2026 etin

186 2041 309 2071 sistente
323 2044 354 2069 et
367 2039 400 2068 in
415 2037 524 2068 eodem
537 2047 600 2067 non
611 2037 767 2067 resistente
781 2036 890 2066 descri—
1057 2034 1139 2065 rect&
1157 2035 1185 2065 P
1202 2036 1223 2066 S
1237 2036 1409 2076 homologae
1423 2036 1646 2073 describuntur,
1669 2043 1759 2067 erunt
1772 2043 1808 2067 ut
1821 2047 1882 2071 ειη

185 2085 264 2114 bunt
277 2081 409 2121 spatium
423 2080 507 2110 idem
523 2089 616 2120 quam
637 2079 802 2108 minimum
819 2079 850 2108 R.
861 2089 889 2112 v,
1056 2077 1126 2107 dem
1142 2083 1250 2116 partes,
1266 2088 1319 2107 seu
1334 2078 1368 2106 in
1382 2077 1453 2108 data
1466 2077 1591 2114 ratione,
1608 2079 1758 2118 siquidem
1769 2078 1878 2110 veloci-
1934 2079 1938 2081 ’

186 2131 260 2156 sunt
287 2129 323 2154 ut
351 2131 514 2161 corporum
541 2121 714 2151 velocitates
741 2120 892 2159 reciproce
1055 2125 1102 2149 tas
1126 2118 1159 2148 in
1180 2119 1282 2158 spirali
1303 2125 1333 2149 et
1353 2121 1387 2149 in
1407 2126 1490 2150 recta
1513 2120 1542 2150 P
1558 2120 1580 2151 S
1601 2120 1634 2150 in
1655 2121 1694 2150 iis
1716 2120 1840 2159 punctis
1859 2132 1880 2152 a
1911 2114 1918 2119 ³

146 2185 150 2190 -
187 2167 259 2208 (12)
281 2166 314 2196 id
328 2170 374 2195 est
387 2171 423 2194 ut
439 2166 480 2204 4!
501 2167 520 2193 2
535 2169 566 2193 et
584 2167 596 2194 1
614 2161 726 2193 directe
742 2165 810 2204 (per
823 2172 890 2192 mo-
1056 2161 1427 2201 centroaequidistantibus
1435 2168 1506 2192 sunt
1515 2162 1647 2202 aequales
1655 2162 1879 2203 eidem,n·-pe

184 2207 226 2241 do
239 2206 459 2246 demonstrata)
475 2203 613 2246 adeoque
626 2205 659 2235 in
674 2203 746 2234 data
761 2204 885 2235 ratione.
1054 2203 1198 2234 celeritati
1213 2204 1346 2242 corporis
1360 2203 1439 2234 circa
1449 2204 1530 2234 idem
1541 2210 1681 2235 centrum
1694 2204 1734 2234 ad
1747 2204 1878 2236 eandem

187 2249 292 2287 Quare
321 2251 390 2291 (per
417 2249 487 2279 Cor.
522 2248 611 2279 Lem.
643 2247 704 2276 lv.
738 2247 808 2277 Lib.
843 2247 888 2286 Ι.)
1054 2245 1230 2276 distantiam
1245 2246 1277 2275 in
1298 2245 1414 2276 circulo
1433 2246 1629 2284 revolventis;
1655 2244 1786 2287 ide6que
1807 2248 1877 2288 (per

183 2292 322 2331 te'mpora
349 2297 413 2322 tota
441 2291 553 2331 quibus
581 2299 706 2328 corpora
728 2289 781 2319 illa
806 2289 889 2319 idem
1057 2288 1127 2318 Cor.
1147 2288 1236 2318 Lem.
1257 2288 1316 2318 lv.
1337 2288 1408 2319 Lib·
1427 2288 1474 2327 Ι.)
1496 2294 1596 2318 totum
1616 2294 1738 2327 tempus
1752 2288 1876 2319 descen-

184 2335 317 2374 spatium
338 2333 467 2374 quodvis
492 2333 520 2363 P
544 2333 576 2363 R
603 2331 786 2366 describunt,
817 2337 888 2361 sunt
1053 2329 1105 2359 sus
1119 2330 1151 2359 in
1166 2330 1267 2369 spirali
1282 2330 1340 2360 erit
1359 2329 1399 2360 ad
1412 2335 1513 2361 totum
1527 2335 1648 2369 tempus
1661 2329 1822 2361 descensos
1841 2330 1874 2361 in

184 2378 277 2408 etiam
297 2377 330 2406 in
351 2374 460 2406 eadem
481 2373 554 2405 data
574 2374 691 2405 ratione
707 2375 748 2413 μ
768 2377 787 2403 2
802 2374 839 2403 ad
860 2377 886 2410 l,
949 2387 975 2411 v
1052 2372 1134 2402 recta
1158 2373 1185 2402 P
1203 2372 1224 2402 S
1245 2382 1299 2410 per
1318 2371 1414 2411 spatia
1434 2372 1596 2411 nomologa
1614 2372 1648 2401 in
1668 2371 1738 2402 data
1751 2371 1806 2402 illa
1826 2382 1873 2404 ra.

183 2430 238 2450 seu
252 2425 288 2450 ut
302 2418 474 2449 velocitates
492 2415 652 2455 reciproce.
697 2415 778 2445 Cum
793 2415 888 2455 igitur
1053 2414 1136 2444 tione
1145 2413 1345 2454 longitudinis
1353 2413 1587 2452 nempespimlis
1597 2412 1636 2444 ad
1647 2413 1872 2455 longitudinem

185 2464 253 2503 (per
289 2461 381 2500 Prop.
420 2460 488 2491 XX
497 2459 593 2489 XVI.
625 2463 656 2488 et
690 2458 882 2488 XXXVII.
1056 2456 1084 2485 P
1101 2456 1131 2492 S,
1147 2466 1201 2486 seu
1214 2456 1248 2485 in
1261 2456 1378 2486 ratione
1395 2455 1424 2486 0
1443 2455 1471 2485 Ρ
1485 2455 1524 2485 ad
1541 2455 1571 2486 Ο
1589 2456 1620 2487 S.

186 2504 256 2535 Lib.
277 2504 323 2543 1.)
339 2503 430 2533 detur
443 2508 564 2540 tempus
577 2510 640 2541 quo
653 2510 762 2539 corpus
776 2500 809 2529 in
819 2510 885 2530 me-
1328 2500 1358 2528 P
1372 2499 1395 2528 S
1434 2525 1440 2532 ,
1775 2527 1782 2534 ‚

183 2546 235 2576 dio
250 2556 311 2576 non
328 2546 484 2575 resistente
492 2543 630 2574 cadendo
640 2544 772 2581 spatium
786 2542 884 2581 quod-
955 2562 978 2594 S
1094 2523 1139 2565 (κ)
1157 2526 1174 2544 ⁰
1190 2525 1249 2554 Εἰ
1269 2529 1306 2554 ¹⁴²
1328 2541 1399 2580 U‘S
1415 2522 1472 2555 ³²⁰2
1486 2530 1522 2555 ω
1535 2529 1662 2565 “mgem
1675 2526 1790 2565 “nguh’
1812 2525 1868 2557 ἀΰ·

182 2588 256 2619 libet
266 2588 416 2636 describit,
429 2586 550 2636 ‘labitur
560 2595 682 2625 quoque
693 2591 814 2632 tefnpus
823 2593 885 2623 quo
1051 2590 1154 2633 (150).
1203 2590 1236 2621 st
1249 2596 1352 2620 autem
1366 2590 1450 2620 sinus
1464 2596 1546 2621 totus
1559 2591 1598 2621 sit
1610 2594 1638 2628 1,
1652 2601 1725 2622 cum
1739 2592 1778 2622 sit
1794 2592 1824 2623 o
1839 2594 1870 2628 s.

184 2640 292 2670 corpus
312 2640 347 2660 m
367 2629 469 2660 medio
483 2634 640 2659 resistente
654 2633 787 2666 spanum
801 2625 928 2668 quodvis
949 2627 1003 2658 da·
1049 2633 1088 2663 ad
1106 2633 1144 2663 J>
1167 2633 1198 2670 S,
1225 2639 1260 2663 ut
1285 2634 1370 2662 sinus
1394 2639 1476 2663 totus
1497 2633 1537 2663 gd
1561 2639 1739 2674 tangentem
1763 2635 1871 2676 anguli

182 2678 249 2702 tum
264 2672 400 2703 cadendo
415 2671 570 2710 percurrit.
1049 2676 1076 2705 P
1094 2676 1124 2706 O
1142 2675 1172 2710 S,
1195 2685 1250 2706 seu
1264 2674 1371 2716 anguli
1385 2674 1510 2715 aequalis
1526 2675 1560 2711 Q,
1574 2675 1602 2706 P
1619 2677 1650 2712 S,
1671 2676 1730 2707 erit
1743 2682 1872 2718 tangens

225 2715 268 2755 (⁴¹)
286 2716 403 2745 Eadem
416 2720 456 2744 esc
472 2715 506 2744 in
519 2713 631 2753 spirali.
658 2711 736 2753 (Per
754 2711 823 2742 Cor.
842 2714 867 2741 1.
882 2711 1003 2752 hujus.)
1048 2744 1055 2750 ι
1116 2717 1144 2748 P
1161 2717 1183 2748 S

225 2757 271 2797 (ε)
289 2759 305 2775 ²*
324 2756 441 2796 Nempe
456 2758 490 2787 in
501 2757 614 2786 ratione
633 2755 656 2785 0
674 2756 703 2784 Ρ
715 2756 754 2784 ad
773 2755 796 2784 0
808 2756 830 2784 S
844 2755 947 2794 (151),
1047 2744 1100 2774 llla
1113 2760 1192 2801 -ὀ--ἑ,

225 2798 266 2839 (f)
284 2801 300 2818 *
323 2801 388 2829 157.
415 2801 455 2829 In
469 2795 640 2829 ecidem‘illd
650 2797 772 2827 ratione.
808 2795 911 2834 Spatia
921 2795 1004 2826 enim
1539 2826 1546 2833 ·

181 2840 390 2871 velocitatibus
410 2840 578 2880 aequalibus
592 2845 624 2870 et
637 2837 841 2869 uniformibus
854 2837 1004 2877 descripta
1053 2870 1077 2899 0
1092 2826 1140 2899 (Ph)
1161 2829 1178 2846 ⁸
1196 2828 1328 2866 Tempm
1342 2823 1407 2856 ”²7⁴3
1422 2826 1641 2857 '‘vdutwnum
1650 2828 1868 2859 mrumst

181 2888 253 2912 sunt
274 2890 309 2912 ut
329 2888 466 2921 tempora
485 2882 597 2922 quibus
621 2881 852 2915 describuntur;
874 2878 958 2910 unde
978 2880 1004 2910 si
1058 2913 1120 2918 ,-
1153 2895 1185 2925 ω
1200 2899 1243 2925 επ
1278 2900 1314 2925 “3
1334 2903 1435 2924 ,ecam
1467 2893 1523 2923 &a
1571 2893 1630 2924 Est
1644 2893 1726 2924 edm
1747 2898 1809 2924 tem
1830 2902 1868 2924 us

180 2924 296 2963 spiralis
321 2925 348 2955 P
365 2925 399 2960 Q
416 2925 446 2955 R.
461 2930 491 2954 et
506 2930 586 2954 recta
606 2924 634 2954 P
651 2923 683 2960 S,
694 2922 808 2952 divisae
827 2922 1002 2963 intelligan-
1049 2924 1073 2952 0
1099 2915 1130 2952 S'
1245 2916 1254 2932 ’
1435 2914 1445 2930 '
1810 2902 1830 2933 p
1854 2934 1858 2939 ·

179 2973 229 2996 tur
246 2967 276 2996 in
294 2973 391 3005 partes
405 2977 497 3007 quam
512 2966 654 2996 minimas
667 2964 739 2995 totis
754 2964 1000 3004 proportionales,
1045 2962 1122 2993 illud
1137 2961 1362 2992 revolutionum
1378 2960 1457 2991 inter
1471 2960 1603 2991 circulus
1617 2960 1696 2991 duos
1709 2960 1804 2998 datos,
1826 2960 1867 2991 nd

178 3009 262 3044 Quod
284 3010 318 3039 tit
339 3009 415 3039 dum
432 3014 544 3047 puncta
558 3008 742 3039 divisionum
757 3006 789 3036 in
802 3006 903 3046 spirali
918 3012 949 3037 et
969 3006 1003 3036 in
1045 3010 1166 3044 tempus
1187 3003 1348 3035 descensus
1367 3013 1422 3042 per
1440 3010 1557 3042 partem
1571 3003 1672 3033 datam
1688 3009 1778 3034 recto
1799 3002 1829 3033 P
1845 3003 1868 3033 S

179 3051 263 3082 radio
281 3052 308 3082 P
326 3052 347 3081 S
361 3062 379 3082 a
393 3057 497 3081 centro
514 3051 535 3081 S
550 3050 744 3091 aequidismnt
757 3049 849 3090 (152)
867 3056 1004 3088 tempora
1046 3046 1126 3078 inter
1148 3046 1278 3078 circulos
1301 3050 1477 3077 contentam
1502 3051 1538 3076 ut
1561 3045 1724 3087 longitudo
1747 3044 1867 3076 molu-
