2066 3548
218 251 299 288 144
330 212 336 219 ’
614 243 1066 287 PHILOSOPHIAE
1098 242 1462 286 NATURALIS
1549 241 1690 294 [Mar.
1714 241 1917 284 Coma.

461 467 837 510 PROPOSITIO
869 467 1049 510 XXIII.
1110 464 1471 509 THEOREMA
1502 462 1676 507 XVIII.

215 597 265 640 δί
263 597 397 654 fluidi
416 611 465 637 ex
476 597 695 649 particulis
713 610 754 637 se
772 602 904 637 mutuo
917 595 1173 650 fugientibus
1187 595 1390 648 compositi
1410 595 1584 635 densitas
1603 594 1657 634 sit
1675 598 1719 633 ut
1736 605 1927 645 compres-

271 671 343 720 sio,
367 670 470 710 vires
489 670 616 710 centri
655 683 721 724 gae
732 670 1029 723 particularum
1049 674 1140 708 sunt
1158 665 1356 721 reciproce*
1377 666 1701 720 proportionales
1721 663 1928 704 distantiis

271 747 490 782 neutrorum
523 754 691 781 suorum.
751 741 810 781 Et
830 741 913 780 vice
932 737 1058 788 versd,
1085 739 1302 792 particula:
1330 738 1479 778 viribus
1506 751 1595 791 quae
1621 742 1711 778 sunt
1729 731 1929 789 reciproce

264 811 593 865 proportionales
612 796 820 852 distantiis
840 816 1061 851 centrorum
1081 823 1238 850 suorum
1258 823 1299 849 se
1317 815 1448 849 mutuo
1465 807 1677 862 fugientes
1695 810 1929 860 componunt

265 883 446 939 fluidum
466 883 679 933 elasticum,
701 882 809 937 cajus
829 883 1004 923 densitas
1024 887 1081 922 est
1100 880 1378 933 compressioni
1389 879 1722 933 proportionalis.

267 1006 434 1049 Includi
452 1006 706 1065 intelligatur
724 1007 900 1049 fluidum
919 1008 964 1048 in
985 1007 1118 1062 spatio
1138 1006 1286 1048 cubico
1307 1006 1347 1047 A
1367 1005 1403 1047 C
1425 1005 1477 1055 E,
1509 1005 1605 1047 dein
1626 1003 1929 1059 compressione

215 1078 349 1136 redigi
367 1079 412 1120 in
432 1080 612 1135 spatium
632 1080 823 1122 cubicum
852 1080 989 1120 minus
1020 1094 1044 1120 a
1065 1094 1087 1120 c
1108 1094 1131 1120 e
1143 1094 1154 1127 3
1188 1086 1229 1119 et
1257 1077 1565 1132 particularum,
1602 1075 1785 1118 similem’
1806 1075 1930 1117 situm

214 1150 323 1193 inter
341 1167 386 1195 se
400 1153 444 1194 in
464 1160 641 1209 utroque
662 1153 795 1208 spatio
816 1151 1102 1201 obtinentium,
1136 1150 1186 1206 (¹³)
1209 1150 1413 1191 distantiae
1433 1157 1554 1191 erunt
1573 1157 1620 1190 ut
1639 1148 1842 1190 cuborum
1869 1147 1931 1188 la-

214 1230 304 1263 tera
325 1224 367 1264 A
390 1224 440 1274 B,
472 1239 497 1266 a
516 1224 568 1273 b3
601 1227 631 1279 (c
635 1225 648 1276 )
671 1232 713 1266 et
731 1224 964 1266 mediorum
984 1224 1206 1265 densitates
1227 1222 1437 1279 reciproce
1458 1231 1504 1264 ut
1525 1223 1657 1278 spatia
1677 1219 1928 1263 continentia

214 1294 256 1335 A
278 1293 315 1335 B
336 1294 429 1336 cub.
451 1302 492 1336 et
520 1310 546 1336 a
564 1295 593 1336 b
613 1295 707 1337 cub.
767 1295 819 1337 In
850 1295 946 1337 cubi
976 1295 1142 1352 majoris
1171 1295 1299 1337 latere
1327 1295 1453 1350 plano
1483 1295 1524 1336 A
1547 1294 1584 1336 B
1607 1294 1643 1335 C
1664 1294 1708 1335 D
1741 1292 1927 1348 capiatur

215 1366 464 1422 quadratum
498 1369 543 1410 D
576 1368 612 1410 P
651 1368 811 1424 aequale
841 1367 902 1409 la—

214 1437 294 1479 teri
322 1438 449 1494 plano
478 1439 574 1481 cubi
603 1440 775 1481 minoris
805 1439 834 1481 d
852 1439 904 1490 bg

214 1516 258 1551 et
278 1524 332 1551 ex
351 1509 586 1567 hypothesi,
614 1511 788 1566 pressio,
821 1511 903 1567 qufi

218 1580 466 1636 quadratum
482 1582 526 1623 D
547 1582 583 1624 P
595 1591 717 1639 urget
727 1582 901 1624 fluidum

215 1651 435 1704 inclusum,
460 1654 540 1695 erit
558 1654 612 1695 ad
629 1655 902 1709 pressionem,

221 1723 302 1780 quei
331 1724 437 1766 illud
466 1726 713 1782 quadratum
737 1726 766 1767 d
785 1727 814 1768 b
834 1741 904 1767 ur-

219 1803 292 1852 get
309 1795 483 1838 fluidum
503 1797 722 1848 inclusum,
752 1805 799 1838 ut
817 1812 904 1838 me-

220 1866 279 1908 dii
298 1867 521 1910 densitates
541 1869 595 1910 ad
615 1857 804 1920 invidem,
823 1870 904 1911 hoc

217 1946 292 1988 est,
326 1946 373 1980 ut
392 1954 417 1980 a
435 1940 464 1981 b
485 1940 578 1982 cub.
599 1940 654 1981 ad
675 1941 715 1982 A
739 1941 775 1982 B
804 1941 897 1982 cub.

220 2008 304 2053 Sed
322 2012 494 2066 pressio,
517 2012 598 2069 qu&
619 2013 866 2069 quadratum
887 2013 931 2054 D
954 2013 992 2054 B
1013 2020 1134 2070 urget
1152 2012 1328 2054 fluidum
1348 2012 1565 2062 inclusum,
1598 2020 1661 2054 est
1680 2011 1734 2054 ad
1753 2011 1932 2068 pressio:

217 2082 326 2132 nem,
349 2081 428 2138 quii
450 2083 697 2138 quadratum
718 2084 761 2126 D
785 2084 822 2125 P
841 2092 961 2141 urget
980 2083 1092 2125 idem
1111 2083 1298 2133 fluidum,
1321 2090 1369 2124 ut
1383 2082 1629 2138 quadratum
1644 2083 1689 2125 D
1708 2083 1745 2124 B
1765 2081 1933 2139 adqua-

218 2152 385 2195 dratum
405 2155 449 2196 D
472 2155 520 2205 P,
542 2155 623 2197 hoc
643 2164 716 2207 est,
739 2165 786 2198 ut
807 2157 847 2198 A
870 2156 908 2198 B
929 2156 1052 2213 quad.
1070 2156 1123 2197 ad
1139 2171 1164 2197 a
1182 2156 1211 2198 b
1231 2156 1355 2212 quad.
1418 2156 1546 2213 Ergo,
1579 2171 1631 2198 ex
1651 2171 1784 2213 aequo,
1814 2170 1933 2211 pres-
1977 2214 1979 2216 -

219 2224 281 2266 sio
302 2224 382 2280 qufi
404 2225 652 2282 quadratum
673 2227 716 2268 D
741 2227 777 2268 B
797 2235 918 2283 urget
936 2226 1125 2278 fluidum,
1149 2236 1211 2269 est
1231 2226 1284 2268 ad
1304 2227 1560 2282 pressionem
1580 2227 1661 2284 quil
1683 2227 1932 2284 quadratum

219 2297 248 2338 d
266 2298 295 2339 b
315 2307 437 2356 urget
454 2299 643 2350 fluidum,
665 2307 711 2341 ut
732 2316 757 2342 a
776 2301 804 2342 b
825 2301 878 2342 ad
899 2300 940 2342 A
965 2300 1015 2342 B.
1078 2299 1218 2342 Planis
1241 2301 1276 2342 F
1293 2300 1337 2343 G
1359 2300 1420 2351 H,
1453 2300 1516 2358 fg
1537 2299 1579 2350 h,
1610 2314 1686 2355 per
1706 2299 1842 2342 media
1860 2313 1932 2341 cu-

218 2369 369 2411 borum
388 2369 536 2422 ductis,
559 2372 835 2430 distinguatur
854 2372 1029 2414 fluidum
1048 2372 1092 2413 in
1112 2372 1214 2413 duas
1233 2379 1386 2427 partes,
1410 2371 1461 2427 (d)
1476 2380 1518 2413 et
1531 2372 1597 2412 hae
1613 2387 1657 2413 se
1676 2379 1822 2413 mutuo
1836 2386 1933 2428 pre-

219 2448 335 2482 ment
353 2441 498 2483 iisdem
519 2442 686 2493 viribus,
710 2443 858 2499 quibus
879 2451 1125 2499 premuntur
1145 2458 1169 2484 a
1187 2443 1321 2498 planis
1342 2443 1383 2484 A
1402 2443 1450 2494 C,
1474 2458 1498 2484 a
1518 2458 1554 2494 c,
1575 2442 1656 2484 hoc
1676 2451 1751 2494 est,
1769 2442 1813 2483 in
1831 2457 1932 2498 pro-

219 2512 410 2566 portione
441 2528 467 2554 a
494 2513 523 2554 b
544 2514 598 2555 ad
620 2514 660 2556 A
683 2514 744 2556 132
775 2515 954 2572 ideoque
987 2529 1094 2557 vlres
1129 2514 1385 2572 centrifugae,
1427 2515 1575 2571 quibus
1605 2515 1672 2557 hae
1699 2515 1932 2571 pressiones

221 2584 488 2636 sustinentur,
511 2594 608 2628 sunt
622 2588 671 2628 -in
692 2587 838 2629 eadem
857 2587 1030 2630 ratione.
1092 2587 1162 2630 Ob
1183 2587 1360 2630 eundem
1389 2588 1683 2643 particularum
1713 2604 1932 2632 numerum

220 2656 474 2714 similemque
495 2659 618 2703 situm
637 2659 682 2700 in
702 2668 882 2717 utroque
903 2660 1024 2711 cubo,
1046 2661 1153 2703 vires
1175 2676 1276 2718 quas
1295 2661 1509 2716 particulae
1529 2676 1672 2721 omnes
1705 2663 1932 2706 secundum

219 2727 345 2782 plana
366 2729 402 2771 F
423 2729 467 2772 G
483 2729 546 2782 H,
567 2729 631 2788 fg
650 2730 679 2771 h
700 2738 896 2773 exercent
914 2731 958 2773 in
978 2746 1136 2783 omnes,
1171 2739 1268 2774 sunt
1287 2740 1333 2774 ut
1351 2732 1458 2774 vires
1479 2747 1580 2789 quas
1611 2733 1785 2792 singulae
1814 2748 1936 2776 exer-

265 2854 309 2896 (b)
327 2857 344 2875 *⁵
361 2857 529 2889 Distantiae
545 2863 638 2890 erunt
651 2864 688 2890 ut
703 2859 853 2891 cuborum
867 2860 963 2891 latera
973 2860 1004 2890 A
1017 2861 1059 2897 B,
1103 2860 1160 2890 &c.
1208 2858 1387 2890 Pressiones
1400 2859 1482 2889 enim
1499 2860 1532 2890 in
1547 2870 1735 2902 unoquoque
1749 2861 1847 2902 spatio
1860 2867 1934 2892 suut

221 2905 241 2925 a
255 2897 283 2931 h,
299 2907 354 2936 per
370 2898 555 2931 LemmaV.
574 2900 646 2932 Lib.
666 2900 696 2932 I.
1103 2902 1219 2943 ubique
1242 2902 1392 2943 aequales3
1426 2912 1499 2933 nam
1524 2903 1595 2934 cum
1625 2903 1758 2935 fluidum
1779 2903 1934 2935 uniforme

268 2956 296 2998 (e
301 2957 342 2996 ).
355 2961 399 2991 Εἰ
414 2963 583 2993 mmmm
597 2963 769 3000 densitates
781 2968 826 3000 m
839 2962 894 2993 &c-
908 2963 948 2994 ob
957 2962 1060 2994 datam
1102 2951 1304 2984 supponatur,
1330 2945 1355 2975 si
1380 2945 1494 2984 pressio
1516 2946 1618 2977 minor
1640 2953 1718 2978 esset
1731 2946 1764 2977 in
1779 2956 1843 2977 uno
1862 2946 1932 2977 loeo

224 2996 257 3028 iu
271 3005 402 3041 utroque
418 3003 515 3042 spatio
532 3004 621 3035 fluidi
634 3015 766 3036 massam
782 3007 827 3048 (2
847 3004 918 3036 Lib
937 3005 963 3036 Ι
970 3006 994 3046 )
1104 2987 1198 3028 quam
1213 2988 1245 3018 in
1261 2987 1331 3025 alio,
1346 2987 1447 3018 statim
1463 2988 1584 3019 cederet
1597 2986 1729 3020 fluidum
1743 2989 1933 3030 magispres-

1104 3040 1183 3066 sum,
1199 3037 1292 3071 atque
1306 3030 1349 3061 ita
1362 3030 1478 3070 pressio
1492 3031 1532 3062 ad
1547 3031 1752 3076 aequalitatem
1761 3031 1933 3065 restituere-

269 3062 348 3103 (⁶)·
367 3067 411 3097 Et
427 3069 474 3097 11ae
487 3079 517 3099 se
531 3074 638 3100 mmuo
649 3076 792 3110 prement
807 3071 911 3102 iisdem
933 3071 1059 3108 viribus,
1103 3077 1164 3111 tur,
1180 3078 1216 3104 ut
1230 3073 1263 3103 in
1280 3073 1363 3105 Casu
1374 3076 1403 3104 6.
1425 3072 1637 3113 Prop.X1x.
