2066 3548
280 287 363 325 320

335 408 472 439 PROP.
493 408 610 439 XLII.
654 408 835 439 THEOR.
855 382 1083 453 XXXIII-m

278 464 388 496 Motus
402 465 501 494 omnis
512 475 566 504 per
574 464 704 495 fluidum
716 470 902 504 propagatus
915 464 1014 494 diver-

318 506 364 547 git
377 517 396 537 a
410 514 492 538 recto
503 507 624 537 tramite
638 507 669 536 in
686 507 781 546 spatia
802 508 927 536 immota
930 527 1010 537 ......
1034 507 1095 537 257

331 578 469 610 PROP.
488 578 628 610 XLIII.
669 578 849 609 THEOR..
870 578 1040 609 XXXIV.

278 634 399 672 Corpus
421 643 512 664 omne
533 632 700 663 tremulum
719 633 751 663 in
772 633 875 664 medio
888 633 1011 664 elastico

317 675 495 715 propagabit
513 681 632 706 motum
654 675 800 714 pulsuum
821 676 958 715 undique
978 675 1012 704 in

317 718 486 754 directum
515 718 549 747 in
572 717 675 747 medio
702 717 773 747 veri>
798 727 861 748 non
889 717 1012 748 elastico

317 766 437 790 motum
452 759 631 790 circularem
645 759 795 790 excitabit.
803 781 1009 791 ...............
1033 761 1094 790 265

340 831 478 863 PROP.
499 831 629 862 XLIV.
676 831 856 863 THEOR.
877 833 1027 864 XXXV.

277 888 311 919 Si
336 898 415 928 aqua
439 888 472 917 in
498 887 611 919 canalis
631 889 769 919 cruribus
790 889 897 919 erectis
921 890 953 919 K
970 890 1010 927 L,

318 931 356 960 M
377 931 404 960 N
419 930 536 960 vicibus
550 931 672 960 alternis
685 930 828 961 ascendat
841 937 872 962 et
886 931 1011 962 descen-

317 972 379 1009 dat,
401 979 592 1003 construatur
612 979 716 1003 autem
737 973 907 1012 pendulum
923 974 1011 1014 cujus

316 1014 480 1054 longitudo
494 1014 573 1044 inter
588 1021 738 1053 punctum
760 1016 965 1054 suspensionis
979 1023 1011 1046 et

317 1064 455 1086 centrum
471 1056 666 1087 oscillationis
676 1063 812 1096 aequetur
820 1058 934 1087 semissi
944 1058 1011 1088 lon-

319 1098 467 1138 gitudinis
476 1109 562 1138 aquae
574 1098 607 1128 in
621 1098 733 1128 canali:
758 1099 827 1129 dico
840 1100 923 1140 quod
933 1110 1012 1140 aqua

318 1140 461 1170 ascendet
475 1147 506 1170 et
526 1140 688 1171 descendet
703 1140 809 1171 iisdem
825 1142 1013 1181 temporibus

316 1182 429 1223 quibus
439 1181 610 1221 pendulum
622 1182 776 1223 oscillatur
778 1205 1010 1216 .................
1034 1187 1096 1215 266

339 1252 478 1284 PROP.
496 1253 606 1285 XLV.
634 1253 815 1285 THEOR.
829 1254 1002 1285 XXXVI.

276 1309 440 1340 Undarum
462 1310 604 1341 velocitas
618 1316 663 1341 est
682 1311 716 1341 in
738 1311 949 1351 subduplicata
963 1322 1010 1343 ra-

317 1352 398 1382 tione
407 1351 604 1383 latitudinum
606 1374 1009 1386 .............................
1031 1357 1092 1385 268

395 1423 532 1455 PROP.
551 1423 681 1454 XLVI.
730 1423 899 1455 PROBL.
919 1424 964 1455 X.

275 1477 418 1509 Invenire
429 1478 619 1509 velocitatem
631 1479 783 1510 undarum
787 1501 1006 1511 ................
1017 1480 1090 1512 ibid.

309 1549 447 1580 PROP.
468 1550 618 1580 XLVII.
661 1550 841 1581 THEOR.
862 1551 1055 1582 XXXVII.

274 1604 420 1635 Pulsibus
441 1614 494 1643 per
515 1604 647 1635 fluidum
669 1600 852 1646 propagatis,
876 1606 1007 1647 singulae

313 1645 399 1675 fluidi
414 1647 578 1685 particulae,
601 1654 689 1677 motu
704 1648 857 1687 reciproco
871 1649 1007 1679 brevissi-

312 1698 365 1718 mo
373 1695 480 1719 euntes
491 1695 521 1719 et
532 1688 701 1726 redeuntes,
714 1691 919 1720 accelerantur
928 1701 1006 1720 sem-

311 1740 367 1769 per
396 1737 427 1761 et
454 1731 644 1761 retardantur
672 1742 728 1771 pro
752 1733 821 1773 lege
844 1733 1008 1763 oscillantis

311 1772 437 1812 penduli
440 1794 1006 1806 .........................................
1029 1777 1092 1806 270

294 1842 432 1874 PROP.
453 1843 625 1873 XLVIII.
654 1843 834 1874 THEOR.
852 1845 1064 1875 XXXVIII.

272 1898 428 1930 Pulsuum
453 1898 486 1928 in
507 1898 604 1928 fluido
625 1898 749 1928 elastico
771 1893 1006 1949 propagatorum

312 1940 484 1969 velocitates
506 1946 579 1968 sunt
599 1940 631 1968 in
653 1940 768 1970 ratione
790 1942 955 1979 composita
970 1952 1008 1972 ex

312 1980 525 2021 subduplicata
534 1981 648 2012 ratione
659 1982 703 2011 vis
714 1983 844 2013 elasticae
854 1983 966 2014 directe
978 1991 1009 2014 et

804 280 964 312 INDEX
986 281 1402 313 PROPOSITIONUM.

1198 407 1407 447 subduplicata
1417 409 1533 440 ratione
1544 409 1700 440 densitatis
1713 410 1851 448 ῐηνετεὲς
1865 410 1891 441 si
1911 386 1962 412 Μ

1197 450 1289 481 modo
1304 450 1390 481 fluidi
1406 452 1450 480 vis
1464 451 1587 482 elastica
1601 453 1737 492 ejusdem
1758 453 1892 483 conden-

1197 492 1306 522 sationi
1320 493 1551 532 proportionalis
1565 504 1629 524 esse
1643 500 1886 535 supponatur....
1909 497 1972 527 28⁷
2018 510 2023 516 ·

1262 562 1401 594 PROP.
1420 563 1554 594 XLIX.
1602 564 1773 596 PROBL.
1793 565 1859 596 XI.

1158 617 1247 650 Datis
1262 619 1353 649 medii
1365 619 1512 650 densitate
1527 626 1558 650 et
1569 619 1598 650 vi
1607 620 1739 658 elastica,
1754 621 1891 652 invenire

1197 661 1385 692 velocitatem
1406 662 1551 701 pulsuum
1555 684 1887 695 ........................
1911 666 1973 696 289

1302 730 1440 762 PROP.
1460 731 1500 762 L.
1547 732 1719 763 PROBL.
1738 731 1824 763 XII.

1156 787 1300 819 Invenire
1314 788 1461 828 pulsuum
1482 788 1638 819 distantias
1640 811 1888 821 ..................
1911 792 1974 822 292

1240 858 1378 890 PROP.
1398 858 1457 890 LI.
1506 859 1685 890 THEOR.
1706 859 1879 890 XXXIX.

1158 915 1190 947 Si
1204 915 1360 956 cylindrus
1371 915 1486 946 solidus
1497 914 1614 946 infinite
1622 915 1735 956 longus
1749 915 1779 945 in
1794 915 1890 946 fluido

1196 958 1342 988 uniformi
1358 964 1389 988 et
1403 958 1524 988 infinito
1538 958 1616 988 circa
1630 968 1718 988 axem
1742 958 1889 997 positione

1197 1000 1303 1030 datum
1318 1001 1464 1031 uniformi
1481 1010 1552 1030 cum
1569 1005 1654 1030 motu
1665 1000 1846 1037 revolvatur,
1857 1005 1888 1030 et

1197 1044 1235 1073 ab
1256 1043 1348 1083 hujus
1362 1043 1496 1082 impulsu
1512 1042 1580 1072 solo
1591 1048 1699 1082 agatur
1707 1042 1839 1072 fluidum
1854 1042 1887 1072 in

1197 1086 1310 1120 orbem,
1326 1091 1493 1124 perseveret
1508 1091 1610 1115 autem
1626 1083 1713 1114 fluidi
1727 1094 1796 1123 pars
1809 1094 1888 1114 una-

1196 1137 1325 1168 quaeque
1350 1127 1542 1157 uniformiter
1562 1127 1594 1156 in
1615 1133 1703 1156 motu
1724 1136 1781 1156 suo
1789 1137 1799 1164 ;
1821 1126 1891 1157 dico

1197 1169 1279 1210 quod
1304 1175 1442 1208 tempora
1465 1169 1618 1207 periodica
1639 1168 1773 1207 partium
1801 1168 1889 1199 fluidi

1196 1218 1269 1242 sunt
1289 1217 1325 1242 ut
1346 1212 1481 1250 ipsarum
1503 1211 1655 1241 distantiae
1669 1212 1708 1241 ab
1722 1220 1778 1240 axe
1793 1210 1889 1250 cylin-

1195 1254 1251 1284 dri.
1258 1275 1660 1285 .............................
1666 1263 1675 1284 ’.
1680 1274 1886 1284 ...............
1909 1255 1971 1285 298

1279 1324 1418 1355 PROP.
1439 1324 1520 1357 LII.
1566 1323 1747 1355 THEOR.
1767 1323 1844 1354 XL.

1155 1380 1187 1412 Si
1202 1381 1319 1419 sphaera
1331 1380 1436 1415 solida,
1453 1380 1484 1410 in
1501 1379 1595 1410 fluido
1608 1379 1754 1410 uniformi
1771 1385 1802 1410 et
1814 1378 1886 1409 infi-

1193 1423 1268 1459 nito,
1284 1422 1363 1453 circa
1376 1432 1465 1452 axem
1480 1421 1628 1462 positione
1642 1422 1749 1452 datum
1770 1421 1888 1452 unifor-

1193 1465 1238 1495 mi
1252 1474 1324 1495 cum
1338 1471 1423 1494 motu
1433 1464 1612 1501 revolvatur,
1628 1470 1659 1494 et
1671 1465 1711 1494 ab
1724 1464 1816 1505 hujus
1830 1463 1888 1493 im-

1192 1506 1284 1546 pulsu
1313 1507 1378 1536 solo
1409 1513 1519 1547 agatur
1546 1506 1678 1536 fluidum
1705 1506 1738 1535 in
1767 1507 1881 1542 orbem,

1192 1555 1360 1588 perseveret
1380 1556 1483 1579 autem
1505 1548 1591 1578 fluidi
1614 1558 1682 1587 pars
1695 1558 1888 1589 unaquaeque

1192 1591 1384 1621 uniformiter
1398 1591 1429 1620 in
1445 1597 1530 1621 motu
1543 1601 1616 1621 suo:
1635 1590 1704 1620 dico
1713 1590 1796 1631 quod
1812 1598 1888 1620 tem-

1193 1643 1267 1672 pora
1290 1633 1442 1672 periodica
1466 1633 1599 1672 partium
1621 1632 1709 1662 fluidi
1734 1638 1824 1662 erunt
1851 1637 1889 1662 ut

1192 1675 1339 1716 quadrata
1352 1675 1564 1706 distantiarum
1574 1686 1593 1706 a
1603 1682 1707 1705 centro
1717 1675 1868 1714 sphaerae..
1875 1696 1884 1706 .
1908 1677 1971 1706 802

1258 1762 1394 1794 PROP.
1415 1763 1517 1794 LIII.
1566 1763 1746 1794 THEOR.
1765 1762 1863 1793 XLI.

1155 1814 1297 1857 Corpora,
1314 1829 1383 1859 quae
1398 1819 1430 1849 in
1444 1819 1558 1849 vortice
1572 1818 1670 1848 delata
1681 1818 1713 1846 iu
1723 1819 1825 1847 orbem
1837 1827 1886 1846 re-

1193 1861 1298 1895 deunt,
1322 1861 1458 1900 ejusdem
1473 1866 1545 1889 sunt
1560 1859 1715 1888 densitatis
1729 1869 1802 1888 cum
1817 1868 1886 1888 vor-

1192 1902 1260 1938 tice,
1287 1908 1318 1932 et
1339 1902 1444 1932 eadem
1467 1901 1534 1941 lege
1556 1911 1627 1930 cum
1642 1901 1737 1938 ipsius
1750 1900 1887 1939 partibus

1192 1943 1292 1983 quoad
1318 1944 1506 1973 velocitatem
1527 1950 1558 1972 et
1580 1952 1687 1972 cursus
1701 1941 1885 1972 determina„

1192 1986 1306 2015 tionem
1320 1991 1482 2015 moventur
1482 2005 1884 2015 .............................
1906 1987 1970 2016 313

630 2260 757 2292 FINIS
781 2261 1186 2295 PROPOSITIONUM
1209 2263 1349 2294 LIBRI
1375 2241 1598 2295 SECUMSI.

984 2797 1225 2828 GLASGUAE:

812 2858 963 2880 ANDREAS
980 2858 1020 2880 ΕΤ
1032 2857 1175 2879 JOANNES
1193 2858 1229 2879 Μ.
1243 2857 1390 2887 DUNCAN,

936 2899 1086 2924 Academa'ae
1100 2898 1274 2930 Typograpki.
