2066 3548
187 223 266 258 148
595 217 1044 261 PHILOSOPHIAE
1075 215 1437 260 NATURALIS
1536 217 1678 268 [Mor.
1704 218 1899 262 Comum.

182 332 416 387 pendentes
437 334 518 374 sint
538 341 584 374 ut
603 341 791 389 tempora
811 332 1113 374 oscillationum
1132 339 1327 381 totarum,
1366 331 1423 385 (†)
1441 338 1563 372 erunt
1585 331 1823 374 velocitates
1843 333 1898 374 ad

182 405 358 446 invicem
377 405 421 446 in
441 405 860 460 correspondentibus
891 404 1193 446 oscillationum
1212 403 1414 458 partibus,
1446 411 1493 444 ut
1511 404 1618 446 vires
1637 405 1830 446 motrices
1854 413 1897 447 et

181 486 268 519 tota
307 477 607 519 oscillationum
646 486 833 532 tempora
873 476 1027 518 directe
1068 484 1109 516 et
1148 475 1394 530 quantitates
1433 475 1618 516 materiae
1656 476 1892 531 reciproce:

182 548 641 605 ideoque-„quantitates
661 550 844 590 materiae
864 557 911 590 ut
930 549 1037 590 vires
1057 554 1099 588 et
1119 546 1423 588 oscillationum
1454 555 1642 602 tempora
1673 547 1826 590 directe
1850 557 1894 591 et

178 622 412 663 velocitates
453 622 677 677 reciproce.
739 622 791 677 (§)
828 622 913 663 Sed
952 620 1188 662 velocitates
1220 620 1429 674 reciproce
1471 626 1567 661 sunt
1601 627 1648 660 ut
1686 628 1887 676 tempora,

177 702 300 749 atque
320 693 413 735 ide&
433 696 621 749 tempora
641 693 795 735 directe
816 702 857 735 et
877 693 1113 735 velocitates
1143 692 1354 746 reciproce
1384 700 1480 734 sunt
1499 702 1546 734 ut
1566 692 1766 749 quadrata
1783 701 1888 742 tem-

177 857 212 881 ut
227 850 369 881 velocitas
383 849 532 891 acquisita
546 850 580 880 in
598 850 625 881 F
639 857 684 881 est
698 850 738 880 ad
753 849 942 880 velocitatem
957 859 1007 879 ac-
1051 846 1140 877 sitam
1157 845 1189 875 in
1214 845 1243 875 E
1267 855 1331 875 esse
1352 845 1392 876 ad
1409 845 1598 877 velocitatem
1614 847 1793 888 acquisitam
1808 847 1841 878 in
1857 857 1883 882 e,

175 893 317 934 quisitam
340 894 372 923 in
386 892 410 923 f.
459 893 519 924 Sed
544 893 691 932 quoniam
713 903 801 923 arcus
828 892 857 922 E
877 892 903 922 F
918 898 948 921 et
963 902 980 921 e
995 891 1012 920 f
1050 890 1082 918 in
1098 888 1215 918 ratione
1230 887 1383 926 reciproce
1398 894 1571 927 temporum
1583 890 1696 930 quibus
1706 890 1884 921 describun-

177 936 204 966 F
222 936 252 966 G
268 942 299 966 et
313 935 330 965 f
339 946 362 976 g
387 942 460 966 sunt
478 935 598 966 infinite
624 936 709 975 parvi
724 942 754 965 et
768 934 910 975 aequales,
934 934 1006 963 uni·
1049 938 1101 962 tur
1114 941 1203 961 arcus
1220 930 1250 961 E
1269 929 1304 966 F,
1321 936 1352 960 et
1367 940 1384 960 e
1399 931 1417 959 f
1424 942 1434 968 3
1449 931 1516 961 haec
1531 931 1602 962 vere
1616 938 1754 972 tempora
1768 943 1833 964 esse
1847 938 1884 963 ut

174 978 312 1008 formiter
325 978 453 1008 describi
469 978 612 1008 censendi
635 985 716 1015 sunt,
741 984 771 1008 et
785 985 923 1016 tempora
937 976 1005 1016 qui-

173 1022 231 1051 bus
245 1020 458 1051 describuntur
473 1026 563 1050 erunt
577 1021 610 1050 in
624 1020 742 1050 ratione
755 1019 909 1058 reciproca
922 1019 1005 1049 velo-

175 1064 313 1099 citatum,
338 1062 468 1102 ide6que
491 1070 614 1102 tempus
638 1073 702 1103 quo
727 1062 907 1092 describitur
930 1062 959 1091 E
979 1062 1006 1092 F

172 1112 218 1135 est
231 1106 269 1135 ad
285 1111 407 1144 tempus
416 1115 478 1144 quo
487 1105 667 1135 describitur
682 1115 699 1134 e
710 1105 732 1141 f,
749 1111 784 1134 ut
794 1103 936 1133 velocitas
947 1103 976 1133 in
988 1114 1006 1134 e

172 1147 210 1177 ad
220 1148 411 1178 velocitatem
420 1148 452 1176 in
461 1148 501 1182 E,
509 1154 540 1177 et
548 1154 669 1186 tempus
678 1157 740 1186 quo
749 1146 928 1176 describitur
938 1146 964 1176 F
974 1146 1005 1177 G

171 1196 215 1220 est
227 1190 265 1220 ad
280 1195 402 1229 tempus
412 1200 474 1229 quo
483 1189 662 1219 describitur
675 1189 694 1219 f
699 1200 732 1229 g,
743 1195 778 1218 ut
789 1188 930 1218 velo'citas
944 1189 976 1218 in
991 1188 1010 1218 f

171 1232 209 1262 ad
222 1232 411 1262 velocitatem
428 1232 460 1260 in
475 1232 510 1264 F,
527 1233 582 1261 ὅτε.
598 1231 651 1261 sed
661 1232 792 1261 rationes
807 1230 1004 1261 velocitatum

169 1275 202 1304 in
217 1275 246 1305 E
258 1280 289 1304 et
300 1284 327 1311 e,
340 1275 372 1304 in
387 1274 413 1303 F
425 1280 455 1304 et
465 1274 488 1310 f,
497 1275 552 1304 διο.
571 1281 644 1304 sunt
653 1283 772 1313 semper
781 1273 914 1313 aequales
924 1273 1004 1304 inter

168 1328 210 1352 se,
228 1326 302 1356 ergo
316 1323 347 1347 et
361 1316 492 1346 rationes
506 1323 681 1355 terr-porum
696 1327 766 1356 quae
780 1315 909 1345 istarum
930 1322 1004 1346 sunt

168 1359 296 1389 inversae
307 1364 379 1388 sunt
393 1358 525 1399 aequalec
536 1359 616 1389 inter
629 1370 681 1396 se3
697 1369 770 1399 ergo
780 1364 919 1396 tempora
932 1359 1002 1399 qui-

169 1403 226 1432 bus
237 1402 368 1442 singulae
383 1408 483 1440 partes
497 1411 586 1431 arcus
601 1402 633 1431 D
652 1403 677 1432 C
693 1401 916 1438 describuntur,
929 1407 1002 1431 sunt

168 1444 208 1474 ad
223 1450 360 1482 tempora
374 1444 485 1483 quibus
500 1444 770 1482 correspondentes
791 1449 893 1482 partes
913 1453 1003 1474 arcus

168 1485 188 1516 d
204 1496 221 1516 c
236 1485 458 1522 describuntur,
476 1486 509 1515 iu
524 1486 633 1515 eedem
647 1486 774 1522 ratione,
798 1496 872 1525 ergo
892 1495 1001 1516 omnes

167 1529 384 1559 antecedentes
399 1534 429 1558 et
444 1538 551 1558 omnes
565 1534 787 1568 consequentes
801 1528 997 1564 summando,

166 1571 272 1601 omnia
285 1571 379 1600 simul
390 1577 527 1609 tempora
537 1571 651 1610 quibus
661 1577 882 1609 percurruntur
893 1580 1000 1601 omnes

166 1623 266 1652 partes
280 1623 367 1643 arcus
385 1613 417 1643 D
431 1614 467 1650 C,
483 1614 541 1643 hoc
556 1619 610 1650 est,
627 1619 728 1643 totum
743 1619 864 1651 tempus
879 1613 999 1642 oscilla-

166 1656 258 1686 tionis
272 1665 326 1694 per
351 1655 384 1686 D
403 1656 439 1691 C,
465 1661 510 1685 est
534 1655 574 1685 ad
599 1656 704 1685 omnia
727 1662 866 1694 tempora
886 1655 999 1695 quibus

165 1705 265 1736 partes
279 1708 368 1728 arcus
382 1697 404 1727 d
418 1708 435 1728 c
450 1704 680 1737 percurruntur,
704 1699 762 1729 hoc
784 1704 829 1728 est
843 1698 882 1727 ad
898 1704 998 1728 totum

165 1747 287 1779 tempus
312 1740 511 1770 osculationis
536 1750 591 1778 per
615 1740 637 1770 d
651 1750 668 1770 c
694 1746 730 1770 ut
752 1746 875 1779 tempus
896 1750 998 1770 unum

164 1793 227 1822 quo
240 1782 384 1823 quaedam
399 1792 469 1821 pars
482 1793 571 1812 arcus
589 1783 622 1813 D
640 1783 666 1813 C
683 1783 883 1821 percurritur,
899 1789 944 1813 est
957 1782 997 1813 ad

164 1831 286 1864 tempus
300 1834 362 1864 quo
373 1835 442 1863 pars
456 1824 696 1864 correspondens
709 1835 798 1855 arcus
812 1825 833 1855 d
842 1834 859 1854 c
873 1835 996 1864 percur-

163 1867 250 1897 ritur.
301 1868 342 1903 Q.
358 1877 385 1896 e.
405 1866 435 1897 d.

206 1935 256 1976 (†)
273 1938 383 1968 Erunt
398 1938 563 1968 velocitates
577 1939 619 1968 ad
632 1939 761 1969 invicem
776 1939 809 1969 in
824 1948 997 1978 correspon-

165 1981 303 2018 dentibus
319 1981 539 2010 oscillationum
550 1981 702 2019 partibus,
721 1987 757 2011 ut
771 1982 846 2011 vires
860 1982 996 2011 matrices

165 2027 195 2051 et
210 2027 270 2052 tota
285 2023 510 2053 oscillationum
524 2026 658 2063 tempora
673 2022 781 2053 directe
796 2029 826 2053 et
840 2025 995 2063 quantita-

162 2070 205 2094 tes
219 2066 355 2094 materiae
370 2062 527 2104 reciproce'.
555 2067 572 2084 ³*
586 2065 637 2095 Ex
646 2065 905 2095 demonstratione
914 2073 995 2095 notae

163 2106 326 2145 superioris
340 2106 437 2147 liquet
451 2106 626 2137 velocitates
641 2107 674 2137 in
689 2107 996 2146 correspondentibus

162 2149 299 2187 partibus
313 2159 377 2179 esse
392 2159 500 2180 omnes
514 2149 547 2178 in
562 2148 670 2180 eedem
681 2150 808 2186 ratione,
818 2148 951 2190 ide6que
960 2156 996 2180 ut

163 2190 305 2221 velocitas
327 2191 474 2231 acquisita
488 2191 521 2221 in
545 2192 575 2222 E
602 2191 641 2222 ad
656 2192 849 2223 velocitatem
863 2192 992 2232 acquisi-

162 2239 224 2262 tam
249 2232 283 2262 in
304 2243 331 2272 e,
358 2234 412 2264 sed
437 2233 508 2264 ciim
533 2245 623 2265 arcus
646 2235 680 2265 D
696 2235 726 2266 E
749 2241 779 2265 et
800 2235 821 2265 d
835 2245 853 2265 e
874 2233 995 2265 infinite

161 2276 246 2314 parvi
254 2282 477 2315 supponantur,
493 2277 682 2307 censendum
694 2284 749 2315 est,
766 2277 844 2307 vires
852 2277 994 2308 motrices

162 2318 356 2349 uniformiter
371 2329 472 2359 agere,
496 2319 572 2349 dum
587 2319 633 2349 illi
648 2330 736 2350 arcus
750 2326 992 2359 percurruntur;

161 2366 264 2391 motus
278 2371 352 2401 ergo
366 2371 421 2400 per
435 2372 486 2391 eas
500 2361 667 2400 productus
679 2369 792 2393 crescet
806 2369 869 2392 tam
880 2373 936 2401 pro
944 2373 993 2393 ra-

160 2403 244 2433 tione
258 2402 371 2434 vitium
385 2404 520 2442 ipsarum
539 2404 632 2444 quem
647 2415 703 2444 pro
717 2405 833 2435 ratione
848 2405 993 2444 temporis

160 2455 222 2484 quo
231 2455 319 2475 arcus
327 2445 374 2475 illi
388 2445 603 2477 describuntur
617 2447 680 2477 sive
696 2449 748 2488 (ex
760 2447 989 2487 demonstratis)

160 2497 215 2525 pro
229 2488 347 2518 ratione
360 2493 536 2527 temporum
547 2489 773 2520 oscillationum
788 2490 987 2530 integrarum,

160 2536 263 2561 motus
276 2529 349 2561 vero
359 2541 396 2561 ex
411 2531 484 2561 Der.
501 2535 530 2561 2.
546 2531 616 2562 Lib.
637 2531 665 2561 Ι.
684 2532 853 2562 aestimatur
863 2542 882 2561 a
895 2532 927 2562 Ν
928 2542 989 2561 ew-

160 2578 233 2602 tono
253 2583 292 2603 ex
313 2573 472 2604 velocitate
493 2579 524 2604 et
544 2574 672 2604 materia
693 2574 892 2615 conjunctim,
915 2584 990 2616 ergo

159 2615 331 2646 velocitates
344 2615 502 2655 productae
515 2616 550 2645 in
563 2618 862 2656 correspondentibus
873 2619 989 2648 oscilla-

158 2658 279 2689 tionum
299 2660 440 2698 partibus
461 2664 553 2690 erunt
567 2664 604 2689 ut
625 2660 702 2689 vires
723 2661 861 2689 matrices
875 2665 904 2689 et
925 2665 988 2691 tota

158 2702 378 2732 oscillationum
399 2708 534 2741 tempora
555 2703 666 2732 directe
679 2707 707 2732 et
721 2703 907 2742 quantitates
921 2714 988 2733 ma-

157 2743 240 2772 teria
253 2745 376 2774 inverse.

2056 2185 2066 2265 ³3

2057 2271 2066 2378 ξ

2053 2387 2061 2434 ἲῖ

200 2807 252 2848 (ὃ)
266 2811 283 2828 *
297 2811 354 2840 Sed
368 2811 532 2841 velocitates
541 2816 615 2843 sunt
625 2812 775 2852 reciproce
789 2817 824 2842 ut
838 2817 982 2852 tempora.

159 2848 175 2868 ⁶
195 2850 245 2879 Ex
260 2850 473 2882 demonstratis
494 2853 550 2894 (ad
571 2859 676 2884 notam
697 2854 883 2893 superiorem
900 2854 923 2894 ἰ)
947 2855 983 2885 Ιί-

155 2898 229 2930 quet
250 2893 440 2924 velocitatem
455 2895 633 2935 acquisitam
648 2896 681 2925 in
698 2896 728 2926 Ε
741 2906 806 2926 esse
819 2896 859 2926 ad
873 2897 985 2927 veloci-
1029 2907 1166 2942 tempora
1174 2904 1399 2938 oscillationum
1409 2908 1598 2950 integrarum
1621 2911 1706 2943 unde
1716 2913 1859 2945 velociu-

155 2939 250 2964 tatem
271 2937 450 2976 acquisitam
472 2937 504 2967 in
527 2948 544 2967 e
567 2945 602 2968 ut
624 2938 766 2968 velocitm
786 2938 932 2979 acquisita
952 2941 986 2970 in
1028 2946 1175 2986 acquisita
1189 2947 1221 2978 in
1235 2956 1352 2987 puncto
1365 2951 1474 2990 quovis
1488 2963 1577 2984 arcus
1593 2933 1626 2985 i)
1640 2955 1667 2986 C
1693 2961 1740 2986 est
1751 2954 1792 2986 ad
1805 2964 1858 2988 vo-

155 2982 272 3024 puncto
286 2979 392 3018 quovis
407 2989 496 3010 arcus
521 2981 552 3010 D
571 2981 597 3012 C
621 2981 660 3011 ad
676 2981 866 3012 velocitatem
882 2983 986 3023 acqui-
1029 2986 1186 3020 locitatem
1208 2989 1389 3031 acquisitam
1413 2994 1447 3024 in
1472 3001 1588 3034 puncto
1610 2975 1858 3036 corr'enpondenti

155 3022 245 3048 snam
270 3019 302 3049 in
326 3027 441 3059 puncto
466 3023 717 3062 coi-respondenti
738 3033 828 3054 arcus
848 3023 870 3054 d
883 3034 920 3062 ος
947 3035 985 3056 ex
1029 3039 1119 3061 arcus
1142 3031 1162 3062 d
1177 3043 1204 3068 e,
1227 3033 1262 3063 in
1276 3034 1394 3066 ratione
1408 3036 1564 3076 reciproca
1577 3044 1752 3079 temporum
1764 3038 1857 3071 oeci}-

154 3059 262 3092 eidem
278 3061 536 3095 demonstratione
557 3065 654 3106 liquet
676 3066 866 3097 velocitatem
880 3068 986 3108 noqui-
1028 3072 1178 3106 lationum
1193 3081 1336 3108 totarum.
1381 3078 1422 3115 Q,
1435 3089 1463 3110 e.
1478 3079 1509 3111 d.

1004 3141 1022 3169 3
