2066 3548
271 275 355 311 300
698 259 1148 308 PHILOSOPHIAE
1179 257 1541 301 NATURALIS
1612 257 1977 310 [Moneonpon.

270 375 509 430 renfiarum,
533 378 582 434 (⁰)
596 377 677 419 hoc
696 384 770 426 est,
793 383 929 417 motus
943 373 1021 416 toti
1035 371 1268 429 angulares,
1285 377 1333 411 ut
1350 369 1649 425 respondentes
1665 380 1838 410 summae
1852 367 1981 412 linea-

266 466 362 492 rum
383 452 424 493 A
444 467 481 502 a,
507 452 545 493 B
565 451 606 502 b,
632 451 668 491 C
690 464 725 499 c,
749 449 793 490 D
810 447 850 499 d,
875 446 962 497 Ee,
983 446 1027 487 id
1047 452 1122 496 est,
1144 444 1179 486 si
1195 443 1248 485 ad
1269 441 1603 485 constituendum
1622 440 1804 482 medium
1823 442 1980 483 unison-

266 523 388 563 miter
420 522 608 572 fluidum,
649 520 814 562 orbium
851 529 1050 560 numerus

269 602 469 649 augeatur
498 600 540 633 et
568 591 748 633 latitudo
768 591 977 631 minuatur
1006 588 1051 629 in

267 665 490 714 infinitum,
509 672 554 706 ut
569 678 676 705 areae
690 662 970 719 hyperbolicae
984 660 1050 701 his

268 740 437 782 summis
469 739 657 794 analogae
688 739 728 779 A
750 753 775 778 a
796 737 852 786 Q,
886 736 923 777 B
943 735 972 776 b
995 735 1051 784 Q,

270 812 427 862 CcQ,
457 812 551 858 Dd
581 811 636 861 Q,
671 810 828 859 EeQ,
866 810 940 850 &c.
1001 808 1057 850 Et

270 882 314 938 (f)
345 891 533 937 tempora
570 881 751 923 motibus
791 879 1057 937 angularibus
1121 894 1123 896 ’

269 954 479 1009 reciproce
537 953 866 1008 proportionalia
934 958 1056 992 erunt

270 1025 394 1066 etiam
423 1024 488 1065 his
518 1019 624 1064 areis
645 1021 858 1078 reciproce
880 1034 1056 1077 propor-

269 1097 451 1138 tionalia.
496 1097 575 1138 Est
594 1096 721 1152 igitur
739 1103 901 1150 tempus
921 1094 1058 1150 perio-

271 1168 410 1209 dicum
439 1167 653 1222 particulae
681 1167 858 1221 cujusvis
888 1166 933 1209 D
954 1165 1058 1207 reci-

270 1240 396 1295 proce
435 1248 482 1282 ut
513 1255 608 1281 area
648 1239 692 1282 D
724 1239 753 1280 d
785 1240 842 1289 Q,
882 1237 964 1280 hoc
999 1246 1060 1285 est

273 1315 365 1366 (per
384 1319 503 1353 notas
524 1324 744 1352 curvarum
769 1309 1058 1366 quadraturas)

274 1382 324 1436 (g)
370 1381 525 1423 directe
579 1388 626 1422 ut
675 1380 869 1423 distantia
925 1381 956 1422 S
999 1380 1058 1422 D.

275 1452 330 1501 Q.
354 1467 388 1492 e.
411 1451 452 1492 d.

331 1523 384 1579 (¹²)
409 1525 540 1566 Corol.
565 1529 603 1565 1.
637 1517 755 1565 Hinc
773 1531 913 1565 motus
935 1524 1153 1581 angulares
1181 1527 1479 1583 particularum
1505 1526 1624 1569 fluidi
1653 1533 1749 1569 sunt
1775 1523 1984 1582 reciproce

272 1605 319 1639 ut
356 1598 540 1652 ipsarum
580 1597 784 1638 distantiae
823 1589 876 1638 ab
915 1611 993 1639 axe
1033 1599 1223 1655 cylindri,
1274 1609 1315 1643 et
1352 1600 1588 1644 velocitates
1636 1599 1838 1647 absolutae
1889 1602 1986 1640 sunt

213 1701 219 1705 .
275 1668 468 1724 aequales.
1203 1674 1206 1677 “

334 1740 465 1780 Corol.
487 1744 527 1780 2.
577 1737 622 1781 Si
638 1737 816 1780 fluidum
835 1738 879 1779 in
900 1753 997 1780 vase
1017 1734 1243 1795 cylindrico
1271 1737 1541 1797 longitudinis
1570 1738 1745 1779 infinitae
1773 1739 1984 1780 continea-

275 1822 357 1865 tur,
379 1823 420 1856 et
440 1814 672 1871 cylindrum
694 1814 820 1855 alium
838 1813 1076 1854 interiorem
1098 1814 1318 1864 contineat,
1352 1812 1587 1854 revolvatur
1606 1817 1745 1852 autem
1767 1811 1980 1867 cylindrus

276 1893 451 1940 uterque
480 1885 588 1925 circa
619 1899 740 1925 axem
772 1897 1046 1934 communem,
1079 1884 1241 1940 sintque
1269 1883 1572 1925 revolutionum
1599 1889 1789 1937 tempora
1805 1890 1854 1924 ut
1871 1883 1984 1939 ipso-

277 1972 371 1999 rum
398 1957 722 2009 semi-diametri,
758 1965 799 1999 et
826 1965 1066 2012 perseveret
1093 1958 1212 2000 fluidi
1241 1963 1338 2014 pars
1368 1971 1627 2015 unaquaeque
1658 1956 1703 1998 in
1735 1964 1851 1999 motu
1884 1967 1983 1999 suot

1879 2100 1957 2136 DE

325 2104 371 2146 (Β)
396 2106 414 2125 ““
432 2106 503 2136 Hoc
526 2110 577 2139 est,
594 2110 701 2136 'motus
725 2105 778 2136 toti
802 2105 975 2144 angulares.
1025 2105 1114 2141 Quo-
1283 2130 1292 2138 .
1650 2131 1659 2139 .
1788 2113 1790 2115 '

281 2148 366 2178 niam
389 2146 455 2177 solo
477 2146 606 2186 cylindri
631 2147 660 2176 A
680 2146 707 2177 F
722 2146 751 2177 L
773 2146 911 2186 impulsu
926 2147 1030 2188 agitur
1043 2147 1115 2178 flui-
1157 2131 1425 2172 propomonalem’
1441 2138 1635 2163 momentum
1649 2130 1729 2162 ¹¹¹¹¹d
1743 2136 1788 2162 “t
1808 2135 1983 2195 utss—D-i,

282 2190 360 2221 dum
375 2189 531 2238 inf’rbem,
544 2191 613 2230 (per
629 2188 747 2237 ῙζῙὶζΡ·),
763 2199 885 2219 necesse
900 2195 946 2219 2⁵2
960 2195 996 2220 ut
1010 2196 1116 2238 {umus
1157 2207 1189 2230 et
1215 2201 1284 2241 (per
1312 2201 1381 2231 Cas.
1408 2203 1438 2231 4.
1467 2200 1558 2231 Lem.
1589 2201 1638 2231 11.
1669 2199 1756 2231 Libri
1780 2198 1888 2241 hujus)
1913 2208 1985 2231 ate·

284 2231 440 2272 angularis
454 2237 588 2270 partium
603 2230 700 2268 fluidi,
717 2237 870 2262 crescente
881 2242 987 2262 earum
998 2231 1114 2263 d1stau.

283 2275 327 2306 tia
337 2275 376 2304 ab
386 2284 443 2303 axe
454 2273 591 2314 cylindri,
608 2273 757 2304 continuo
768 2273 930 2310 decrescat,
942 2284 978 2304 ac
989 2274 1115 2305 tandem

285 2317 326 2347 ad
340 2316 515 2347 distantiam
529 2315 680 2346 infinitam
695 2322 862 2346 evanescat.
908 2316 1002 2347 Unde
1012 2322 1116 2347 motus

285 2365 369 2390 totus
391 2357 548 2398 angularis
569 2358 678 2397 puncti
693 2359 723 2388 A
746 2368 801 2388 seu
823 2358 904 2389 orbis
927 2359 959 2388 A
976 2358 1003 2389 F
1020 2359 1048 2389 L
1070 2365 1116 2389 est

285 2401 428 2432 omnium
456 2400 617 2436 maximus,
653 2406 684 2430 et
711 2407 815 2431 motus
843 2406 927 2431 totus
958 2401 1115 2441 angularis

1159 2267 1192 2299 D
1213 2267 1236 2299 d
1259 2268 1294 2305 Q
1315 2274 1361 2299 est
1385 2274 1422 2299 ut
1447 2245 1530 2326 -SLD
1560 2278 1632 2309 quoe
1658 2267 1813 2309 quantitas
1841 2266 1985 2309 negativa

1156 2336 1268 2375 prodit,
1292 2336 1364 2377 quia
1385 2346 1455 2368 area
1471 2338 1503 2368 D
1519 2336 1541 2367 d
1558 2336 1592 2372 Q
1609 2336 1747 2367 abscissae
1763 2335 1797 2366 D
1814 2334 1837 2366 S
1850 2345 1914 2366 non
1928 2334 1983 2366 ad-

1153 2378 1243 2418 jacet,-
1258 2379 1313 2409 sed
1326 2378 1365 2409 ad
1377 2386 1476 2418 partes
1486 2377 1650 2410 contrarias
1661 2378 1758 2419 vergit
1766 2377 1800 2408 iu
1809 2376 1979 2408 infinitum.

286 2443 394 2483 puncti
409 2442 572 2483 cujuslibet
589 2443 615 2473 C
630 2442 756 2482 aequalis
769 2448 816 2473 est
829 2453 958 2473 summae
972 2443 1114 2473 omnium

289 2484 530 2516 differentiarum
551 2491 695 2515 motuum
716 2484 912 2524 angularium
926 2491 1113 2524 punctorum

289 2529 333 2565 D,
353 2527 382 2557 E
397 2533 429 2557 et
442 2527 635 2567 sequentium
647 2527 679 2556 in
689 2527 846 2557 infinitum
857 2528 944 2569 (106.
959 2527 1029 2557 Lib.
1047 2527 1111 2568 1.);

287 2568 419 2609 ideoque
432 2575 535 2599 motus
549 2570 602 2599 toti
614 2569 776 2609 angulares
791 2577 863 2600 sunt
876 2575 912 2600 ut
925 2569 1111 2609 responden-

288 2619 334 2643 tes
347 2621 478 2642 summoe
492 2611 643 2642 linearum
659 2613 688 2641 A
706 2622 733 2648 a,
753 2612 780 2642 B
797 2612 827 2649 b,
847 2612 872 2643 C
888 2622 914 2648 c,
933 2612 966 2642 D
981 2611 1012 2650 d,
1038 2612 1067 2642 E
1084 2622 1112 2650 e,

289 2656 345 2686 &c.
364 2654 397 2684 in
412 2653 579 2684 infinitum.

333 2697 375 2738 (f)
392 2698 409 2716 ⁵*
426 2699 498 2726 328.
539 2698 685 2737 Tempora
703 2697 854 2736 periodica
869 2698 995 2727 motibus
1015 2708 1116 2736 angu-

289 2741 404 2770 laribus
428 2738 576 2778 reciproc&
596 2740 839 2779 proportionalia.
886 2739 995 2769 Motus
1017 2749 1116 2779 angu.

290 2781 368 2812 lares
381 2787 454 2811 sunt
468 2787 503 2811 ut
517 2781 626 2821 anguli
646 2781 787 2820 descripti
809 2780 921 2812 directe
935 2787 966 2811 et
979 2786 1117 2820 tempora

289 2824 402 2864 quibus
416 2822 629 2854 describuntur
643 2822 760 2854 inverse
776 2823 868 2864 (526)
880 2835 889 2861 ς
913 2828 943 2853 et
956 2830 1116 2863 propterea

290 2867 316 2896 si
341 2865 448 2906 anguli
474 2865 615 2904 descripti
639 2866 799 2905 capiantur
827 2865 960 2906 aequales
982 2872 1115 2905 quatuor

290 2909 388 2945 rectis,
414 2914 451 2938 ut
471 2914 554 2938 totus
575 2908 708 2938 circulus
728 2907 916 2938 describatur
930 2913 961 2938 et
975 2914 1114 2946 tempora

291 2949 366 2980 fiant
387 2950 575 2988 temporibus
596 2949 755 2989 periodicis
770 2950 908 2990 aequalia,
934 2955 1038 2980 motus
1058 2959 1113 2979 an-

290 2994 413 3032 gulares
428 2999 518 3022 erunt
533 2998 568 3022 ut
582 2999 718 3032 tempora
732 2992 885 3031 periodica
899 2990 1025 3022 inverse.

1158 2420 1219 2451 Est
1238 2421 1334 2462 igitur
1353 2427 1476 2461 tempus
1496 2419 1688 2462 periodicum
1707 2418 1864 2460 particulae
1877 2419 1982 2462 cujus-

1154 2487 1199 2518 vis
1223 2489 1258 2520 D
1273 2473 1438 2528 *reciproce
1460 2495 1498 2521 ut
1528 2517 1549 2547 S
1565 2466 1623 2547 ID,
1652 2489 1711 2519 hoc
1734 2492 1790 2526 est,
1812 2486 1926 2520 directe
1945 2492 1983 2519 ut

1156 2557 1178 2588 S
1195 2557 1238 2588 D.

1200 2610 1247 2652 (¹¹)
1265 2613 1283 2631 ⁶
1302 2612 1395 2642 Corol.
1417 2614 1444 2641 1.
1480 2611 1531 2642 Ex
1554 2609 1777 2647 demonstratis,
1802 2614 1906 2641 moun
1925 2618 1982 2640 an·

1156 2653 1279 2694 gulares
1293 2653 1423 2693 partium
1440 2653 1527 2683 fluidi
1543 2658 1616 2683 sunt
1629 2651 1781 2691 reciproce
1794 2658 1831 2682 ut

1157 2695 1320 2736 periodica,
1335 2696 1394 2726 hoc
1408 2701 1461 2731 est,
1478 2693 1630 2733 reciproce
1644 2701 1679 2725 ut
1693 2694 1816 2725 illarum
1829 2693 1982 2726 distantiae

1158 2740 1197 2769 ab
1211 2747 1267 2768 axe
1281 2737 1420 2778 cylindri.
1468 2736 1655 2768 velocitates
1675 2735 1747 2767 vero
1765 2735 1924 2774 absoluta,
1936 2742 1983 2769 'ut

1158 2777 1229 2820 pote
1246 2780 1424 2817 uniformes,
1446 2785 1519 2810 sunt
1532 2785 1568 2810 ut
1583 2777 1835 2810 circumferentiae
1847 2777 1982 2819 damip-

1158 2828 1207 2859 tae‚
1233 2833 1289 2853 seu
1313 2828 1350 2853 ut
1371 2821 1521 2852 distantiae
1535 2822 1573 2851 ab
1587 2831 1645 2852 axe
1665 2820 1796 2861 cylindri
1815 2819 1929 2852 directe
1945 2826 1982 2851 -et

1157 2871 1295 2904 tempora
1315 2863 1467 2904 periodica
1479 2863 1606 2900 inverse,
1628 2864 1688 2894 hoc
1701 2868 1758 2900 est,
1778 2868 1815 2893 ut
1827 2861 1982 2893 distantia

1155 2906 1269 2938 directe
1283 2913 1314 2937 et
1328 2905 1477 2937 distantiae
1499 2905 1626 2943 inverse,
1648 2903 1782 2946 ideoque
1794 2910 1868 2936 sunt
1881 2904 1915 2935 in
1929 2913 1979 2935 m

1155 2949 1239 2979 tione
1253 2948 1439 2989 aequalitatis.
1478 2947 1563 2978 Hinc
1579 2947 1650 2978 vero
1667 2949 1736 2989 (per
1753 2947 1823 2978 Cor.
1838 2949 1868 2978 5.
1882 2946 1975 2986 Prop.

1163 2991 1223 3022 IV.
1258 2991 1328 3022 Lib.
1363 2990 1409 3030 Ι.)
1439 2989 1516 3020 vires
1546 2989 1727 3042 centrifugae
1761 2987 1980 3030 pnrtIcuhrum

335 3035 379 3074 (Β)
398 3037 414 3054 *
431 3035 556 3065 Βὶνεσιὲ
570 3041 604 3066 ut
620 3037 762 3066 distantia
779 3037 802 3066 S
814 3036 858 3066 D.
898 3036 987 3064 Areae
1006 3033 1037 3064 D
1053 3033 1073 3063 d
1088 3034 1121 3070 Q
1160 3033 1325 3074 aequalium
1349 3032 1435 3063 fluidi
1457 3038 1529 3062 sunt
1543 3032 1695 3071 reciproce
1708 3037 1744 3062 ut
1761 3031 1896 3071 ipsarum
1917 3029 1981 3062 di·-

290 3082 482 3106 momentum
499 3083 544 3107 est
567 3078 600 3108 D
615 3077 636 3108 d
654 3082 686 3114 ><
708 3077 740 3107 D
758 3077 807 3114 E;
830 3083 862 3107 et
881 3075 961 3112 idea,
983 3077 1023 3106 ob
1037 3076 1117 3106 ordi-

290 3124 394 3150 natam
426 3119 457 3148 D
480 3117 501 3147 d
529 3119 676 3159 quadrato
691 3119 827 3149 abscissa:
856 3119 878 3150 S
906 3119 938 3149 D
966 3117 1118 3157 reciproce

1160 3076 1264 3106 tantiae
1275 3076 1313 3106 ab
1324 3085 1380 3106 axe
1394 3074 1544 3115 cylindri3
1567 3081 1599 3105 et
1611 3079 1770 3113 propterea
1784 3073 1828 3103 vis
1841 3071 1905 3114 qui
1918 3078 1982 3104 tota

1160 3117 1333 3157 superficies
1354 3116 1518 3156 cylindrIca
1540 3117 1646 3147 nititur
1660 3118 1698 3146 ab
1712 3126 1768 3146 axe
1782 3114 1911 3155 cylindri
1933 3124 1980 3146 re·-
