2066 3548
262 237 342 274 146
690 227 1141 272 PHILOSOPHIAE
1173 227 1536 271 NATURALIS
1603 226 1968 282 [Mor.Com²on.

263 346 514 402 Exemplum
533 346 734 387 habemus
756 346 798 386 in
819 345 1059 400 corporibus
1079 344 1333 402 magneticis.
1396 344 1564 386 Horum
1593 344 1724 386 virtus
1753 343 1969 386 attractiva

258 419 503 460 terminatur
522 417 638 458 fere
628 431 671 457 m
692 417 754 457 sui
774 418 937 473 generis
958 418 1200 472 corporibus
1223 417 1300 458 sibi
1319 417 1533 472 proximis.
1578 416 1804 474 Magnetis
1837 416 1967 458 virtus

255 507 331 548 per
350 491 634 546 interpositam
664 490 860 531 laminam
878 490 975 532 ferri
996 490 1266 541 contrahitur,
1297 499 1338 532 et
1358 490 1400 530 in
1420 488 1572 531 lamina
1592 487 1678 530 fere
1707 488 1966 531 terminatur.

258 566 367 607 Nam
388 579 563 619 corpora
583 564 778 605 ulteriora
798 579 883 605 non
903 573 986 606 tam
1007 580 1032 605 a
1050 572 1242 619 magnete
1262 579 1385 620 quam
1405 578 1429 604 a
1444 561 1595 604 lamina
1616 561 1848 603 trahuntur.
1894 559 1967 602 Ad

255 638 432 680 eundem
454 638 626 678 modum
647 638 681 678 si
700 637 915 692 particulae
933 637 1079 693 fugant
1099 637 1198 678 alias
1217 637 1300 678 suis
1311 636 1474 694 generis
1495 633 1715 690 particulas
1737 633 1815 675 sibi
1833 647 1964 689 prox-

253 709 368 759 imas,
401 710 443 750 in
463 710 685 764 particulas
707 718 844 751 autem
865 709 1106 750 remotiores
1137 709 1329 750 virtutem
1360 708 1518 759 nullam
1546 713 1781 757 exerceant,
1814 720 1867 748 ex
1884 705 1964 759 hu-

247 780 431 836 jusmodi
452 776 663 835 particulis
684 790 985 836 componentur
1004 781 1132 822 fluida
1150 781 1204 822 de
1225 781 1375 836 quibus
1394 789 1533 822 actum
1554 788 1618 822 est
1637 780 1680 820 in
1702 778 1782 820 hac
1804 777 1964 834 Propo-

252 853 412 894 sitione.
474 853 604 903 Quod
639 854 673 895 si
707 854 921 909 particulae
961 855 1157 910 cujusque
1197 855 1326 895 virtus
1366 855 1410 895 in
1448 854 1656 896 infinitum
1693 860 1960 909 propagetur,

253 926 296 982 (¹⁷)
312 942 416 982 opus
437 927 514 968 erit
534 928 573 969 vi
594 928 740 983 majori
761 928 814 969 ad
835 928 1034 983 aequalem
1052 928 1420 979 condensationem
1439 927 1606 982 majoris
1619 925 1856 982 quantitatis
1868 924 1961 966 flui-

250 1001 304 1042 di.
364 1002 434 1041 An
463 1016 562 1042 vero
590 1002 718 1043 fluida
749 1002 914 1042 elastica
943 1016 996 1042 ex
1025 1001 1236 1055 particulis
1258 1017 1301 1042 se
1326 1009 1471 1042 mutuo
1491 999 1727 1056 fugantibus
1756 1005 1959 1048 constent,

250 1074 421 1128 quaestio
440 1074 611 1130 physica
633 1082 706 1116 est.
768 1074 858 1114 Nos
877 1074 1172 1128 proprietatem
1202 1075 1424 1115 fluidorum
1447 1088 1499 1115 ex
1519 1071 1720 1128 ejusmodi
1748 1070 1959 1126 particulis

249 1145 525 1186 constantium
545 1144 833 1186 mathematice
853 1144 1238 1196 demonstravimus,
1271 1154 1317 1187 ut
1336 1143 1593 1200 philosophis
1613 1157 1754 1185 ansam
1773 1137 1966 1198 pra'aebea-⁴

249 1234 341 1260 mus
362 1220 634 1274 quaestionem
653 1219 766 1259 illam
787 1219 1002 1260 tractandi.

290 1349 330 1390 (f)
349 1351 365 1369 ⁸
386 1351 467 1389 Opus
482 1351 535 1381 erit
551 1352 581 1381 υἱ
596 1350 787 1390 may?r1&c.
835 1349 909 1379 Non
927 1349 1007 1379 enim
1031 1359 1080 1379 so-
1125 1359 1195 1380 rum
1211 1349 1256 1379 vis
1272 1348 1330 1380 erit
1343 1348 1514 1388 superanda
1527 1359 1596 1389 quae
1613 1349 1663 1378 lex
1683 1346 1816 1388 Hyp.)
1806 1357 1838 1377 m
1853 1345 1952 1377 infini·
1967 1343 1972 1347 ”

246 1392 313 1422 lum
329 1391 478 1421 vincenda
492 1393 550 1422 erit
565 1403 619 1432 per
633 1391 890 1431 compressionem
909 1392 954 1422 vis
969 1391 1080 1422 centri-
1125 1398 1193 1423 tum
1208 1398 1403 1433 propagatur.

243 1434 323 1474 fuga
337 1434 556 1473 particularum
582 1435 800 1474 proximarum,
825 1433 876 1463 sed
894 1440 924 1464 et
939 1434 1080 1465 remotio-
