2066 3548
185 275 338 323 Lar-,n
351 273 570 326 Saeuum]
613 272 935 317 PRINCIPIA
966 272 1458 318 MATHEMATIC'A.
1817 281 1903 322 261-

185 387 299 447 missi
312 401 403 429 sese
422 387 466 428 in
486 401 630 429 omnes
646 386 824 429 cubiculi
835 393 974 442 partes
990 386 1176 438 dilatant,
1198 387 1324 443 inque
1338 387 1500 445 angulis
1515 388 1708 429 ‘omnibus
1722 389 1906 430 'audiun-

183 469 262 511 tur,
284 475 370 502 non
389 467 475 501 tam
495 460 639 502 reflexi
657 475 683 501 a
699 459 926 515 parietibus
946 459 1159 514 oppositiS,
1182 474 1307 516 quam
1326 475 1355 501 a·
1370 459 1550 502 fenestra
1570 459 1727 502 directe
1746 456 1907 517 propa-f

182 532 282 590 g'ati,
305 530 507 588 quantum
527 546 581 572 ex
600 546 723 573 sensu
738 530 925 587 judicare
944 531 1053 573 licet.
1075 535 1082 581 ᾖ
1214 541 1217 543 “
1301 536 1303 538 ’
1764 542 1767 545 ·
1899 535 1905 539 '⁴

200 609 209 667 'J
241 607 333 649 Cas.
357 612 396 647 3.
440 605 849 661 Ροηαῐιιιιεᾶεῐιίςυε
870 605 983 661 quod
1002 612 1139 646 motus
1160 605 1439 662 cujuscunque
1459 595 1624 663 generis
1644 614 1901 663 propagetur

182 679 235 720 ab
256 679 297 720 A
315 694 391 735 per
409 678 595 720 foramen
617 679 655 720 B
678 678 741 721 C:
773 686 814 720 et
834 678 1030 735 quoniam
1048 679 1296 736 propagatio
1314 679 1393 721 ista
1411 694 1498 720 non
1517 680 1578 731 fit,
1595 679 1675 721 nisi
1695 679 1898 736 quatenus

180 759 320 807 partes
339 750 466 792 medii
486 745 630 792 eentro
651 751 692 792 A
712 750 928 806 propiores
947 757 1100 808 urgent
1118 758 1462 807 commoventque
1490 759 1628 806 partes
1658 750 1874 811 ulteriores
1884 766 1902 801 3⁴

97 1985 107 1994 ,
175 1949 217 1983 et
234 1949 370 1996 partes
391 1956 484 1998 quae
505 1950 707 1999 urgentur
736 1941 878 1983 fluidae
906 1940 1016 1991 sunt,
1048 1940 1226 1996 ideoque
1258 1938 1461 1980 recedunt
1489 1951 1820 1994 quaquaversum
1850 1937 1894 1978 in

174 2012 364 2068 regiones
395 2011 468 2052 ubi
497 2012 634 2053 minus
673 2020 941 2067 premuntur:
985 2010 1180 2052 recedent
1219 2009 1377 2050 eaedem
1417 2024 1559 2051 versus
1591 2009 1720 2050 medii
1754 2016 1893 2064 partes

175 2099 319 2126 omnes
352 2084 623 2140 quiescentes,
661 2092 747 2125 tam
779 2083 969 2126 laterales
1004 2083 1047 2123 K
1070 2082 1108 2123 L
1135 2090 1176 2123 et
1202 2082 1245 2122 N
1267 2081 1322 2131 O,
1357 2080 1482 2137 quam
1516 2082 1743 2122 anteriores
1776 2081 1813 2122 P
1834 2080 1890 2130 Q,

174 2169 306 2210 eoque
324 2162 446 2210 pacto
465 2163 602 2196 motus
623 2155 770 2205 omnis,
804 2169 928 2210 quam
953 2153 1135 2208 primum
1154 2166 1230 2208 per
1250 2151 1437 2192 foramen
1459 2151 1497 2193 B
1521 2151 1556 2192 C
1577 2152 1753 2202 transiit,
1788 2151 1893 2192 dila-

119 2240 122 2242 *
174 2225 252 2267 tari
271 2225 440 2281 incipiet
458 2234 500 2267 et
518 2226 616 2267 inde
627 2232 825 2282 tanquam
844 2241 870 2267 a
887 2224 1094 2281 principio
1114 2230 1156 2265 et
1176 2230 1334 2273 centro,
1354 2222 1399 2263 in
1413 2229 1556 2277 partes
1571 2237 1717 2265 omnes
1732 2221 1890 2264 directe

174 2296 408 2353 propagari.
470 2296 526 2346 Q.
548 2311 584 2338 e.
605 2296 646 2337 d.

217 2412 290 2441 299.
317 2409 461 2439 Lemma.
504 2410 554 2440 Vis
567 2409 766 2440 *acceleratrioe
786 2405 849 2448 91ιᾶ
867 2417 969 2447 punc-

175 2458 244 2483 tum
267 2453 415 2493 quodlibet
440 2454 472 2483 Ρ
494 2453 581 2483 nervi
608 2453 685 2482 tensi
712 2457 741 2482 et
769 2451 969 2491 uny‘brmiter

176 2496 273 2526 crassi
299 2500 439 2534 urgetur,
474 2496 551 2525 dum
576 2504 632 2534 per
659 2495 869 2525 brevissimum
900 2503 968 2532 spa-

177 2538 259 2569 tium
288 2539 452 2573 osculatur,
485 2543 530 2567 est
556 2543 593 2567 ut
624 2538 710 2568 nervi
736 2542 904 2567 curvatura
933 2536 969 2566 in

176 2580 278 2611 eodem
294 2578 371 2610 Uoco.
417 2579 542 2609 Nervus
569 2580 600 2609 A
625 2579 651 2609 C
680 2578 816 2618 pondere
845 2578 876 2608 G
899 2584 968 2607 ten-

177 2631 232 2652 sus
252 2621 420 2652 oscillando
437 2621 611 2660 pervenerit
630 2620 671 2651 ad
691 2620 875 2660 positionem
896 2630 968 2650 cur-

177 2673 225 2694 vae
246 2663 278 2694 A
295 2663 324 2694 P
340 2664 377 2699 C,
400 2673 474 2695 cum
494 2673 552 2695 axe
576 2665 607 2695 A
626 2664 653 2695 C
674 2663 739 2693 fere
757 2662 966 2699 coincidentis,

178 2711 211 2737 et
230 2704 304 2746 quin
323 2704 407 2737 line·
429 2713 513 2737 recta
541 2707 567 2737 C
593 2706 625 2736 A
651 2705 787 2746 pondere
811 2705 844 2735 G
866 2705 967 2736 tendi-

177 2754 232 2779 tur
259 2747 375 2788 ubique
405 2749 572 2791 aqualiter,
603 2748 731 2789 aequalis
758 2757 881 2788 quoque
910 2748 969 2779 erit
1035 2754 1038 2756 ’

178 2790 279 2822 tensio
293 2789 435 2822 omnium
448 2792 582 2831 partium
597 2801 698 2831 curvae
716 2791 747 2820 A
765 2790 794 2820 P
812 2790 837 2820 C
859 2801 968 2830 quam-

177 2833 327 2873 proxime.
377 2832 523 2864 Sumatur
550 2840 703 2874 punctum
732 2843 763 2871 p,
794 2839 909 2871 puncto
940 2833 969 2863 P

178 2875 459 2916 quamproximum,
474 2883 506 2907 et
519 2876 620 2907 ductis
634 2876 838 2916 tangentibus,
848 2875 876 2905 P
886 2882 908 2912 t,
924 2887 945 2915 p
956 2881 970 2906 t

179 2917 433 2949 concurrentibus
442 2919 475 2948 in
485 2924 507 2956 t,
519 2919 710 2958 compleatur
720 2917 969 2958 parallelogram-

178 2970 269 2991 mum
293 2959 322 2990 P
337 2966 350 2990 t
363 2970 384 2999 p
403 2971 429 2998 r,
451 2960 664 3002 ducanturque
689 2961 729 2991 ad
750 2970 875 2990 curvam
898 2971 969 2990 nor-

177 3003 276 3033 males
307 3001 335 3033 P
359 3002 400 3039 O,
429 3013 451 3042 p
474 3004 506 3035 Ο
519 3009 736 3034 concurrentes
758 3003 792 3032 in
819 3002 860 3038 Ο,
891 3003 970 3033 vires

179 3044 315 3086 equales
337 3044 450 3085 quibus
470 3055 558 3075 arcus
582 3056 764 3076 evanescens
791 3045 817 3074 P
839 3055 867 3084 p,
900 3046 969 3087 (qui

178 3087 262 3118 sumi
276 3093 376 3128 potest
386 3098 442 3127 pro
450 3097 524 3118 arcu
532 3088 639 3118 circuli
650 3088 736 3118 radio
749 3088 778 3118 P
792 3087 822 3118 O
835 3086 969 3127 descrip-

178 3129 202 3160 ti
219 3130 306 3172 (121.
326 3129 397 3161 Lib.
418 3130 464 3170 Ι.)
487 3130 520 3160 in
535 3129 752 3161 directionibus
773 3130 969 3170 tangentium
