2066 3548
214 257 297 296 26⁴2

211 371 225 396 t
242 365 279 403 P,
296 371 309 396 t
323 376 354 405 p,
369 365 441 396 hinc
455 364 528 397 inde
543 365 681 400 trahitur,
702 371 895 405 exponantur
908 375 963 404 per
976 370 1042 395 tan-

643 250 1093 295 PHILOSOPHIAE
1125 250 1486 294 NATURALIS
1555 253 1922 305 [Mo'r.Con·1³oB-‘

1085 364 1125 394 tis
1139 363 1282 394 distantia
1296 364 1431 395 maxima
1446 366 1484 396 ab
1498 375 1556 396 axe
1579 366 1609 397 A
1629 367 1651 399 S
1670 368 1793 407 punctis
1813 355 1915 400 onmi-

210 415 318 447 gentes
341 408 408 438 illas
429 409 571 448 aequaleS,
597 415 627 438 et
649 408 779 448 singulae
801 408 989 438 resolvantur
1009 407 1043 436 in
1086 408 1143 436 bus
1161 406 1226 446 jam
1251 407 1484 447 quiescentibus,
1516 418 1612 448 eaque
1636 410 1676 440 sit
1697 411 1791 451 hujus
1811 421 1916 442 curva

210 449 288 480 duas
308 450 382 480 alias
404 451 489 484 vires,
511 451 556 479 vis
577 450 701 490 quidem
724 457 737 480 t
754 450 784 480 P·
803 450 834 479 in
857 450 934 479 vires
953 456 966 480 t
980 460 995 479 z
1011 455 1042 479 et
1083 456 1194 479 natura
1215 455 1250 479 ut
1270 456 1432 479 curvatura
1454 450 1486 479 in
1505 451 1538 486 Q
1550 451 1590 481 sit
1610 451 1649 482 ad
1670 459 1866 484 curvaturam
1878 453 1923 484 ξπ

210 502 226 521 z
246 492 282 527 P,
305 498 337 522 et
352 493 396 522 vis
410 499 423 523 t
438 503 458 531 p
480 493 512 522 in
535 493 612 522 vires
627 499 639 521 t
653 503 677 526 z,
701 502 755 522 seu
778 502 793 521 z
808 502 823 521 r
843 498 874 522 et
895 502 910 521 z
922 502 942 530 p
964 491 1042 521 vires
1085 492 1121 527 P,
1144 491 1178 520 in
1192 491 1310 521 ratione
1325 491 1476 521 distantiae
1494 493 1526 528 Q
1539 493 1570 523 R
1585 493 1624 523 ad
1638 493 1860 526 distantiamP
1876 495 1908 527 S.

209 544 225 563 z
244 534 280 569 P,
297 545 313 564 z
327 545 358 574 p,
374 534 505 574 aequales
520 541 548 564 et
563 534 710 572 oppositae
725 533 848 563 nullum
863 540 983 564 motum
1005 534 1037 563 in

210 585 281 607 arcu
301 577 330 606 P
343 587 363 615 p
379 577 558 615 producent,
581 583 612 606 at
627 576 741 606 viribus
755 583 768 606 t
778 586 795 606 z
809 584 840 606 et
855 586 870 605 z
886 586 909 612 r,
933 575 1036 611 simul,

208 628 264 649 seu
280 619 310 649 vi
324 618 388 649 tota
402 627 415 649 t
429 629 453 655 r,
476 618 508 647 in
523 618 688 648 directione
702 624 715 648 t
729 628 753 655 r,
775 617 837 648 sive
854 619 882 649 P
900 618 930 649 O
947 628 1037 656 urge-

209 661 301 706 bitur.
350 661 422 691 Erit
439 660 533 700 igitur
548 659 592 690 vis
606 660 717 690 motrix
733 660 794 700 quii
809 660 955 700 particula
974 660 1001 690 P
1016 670 1037 698 p

207 702 241 732 in
255 702 422 735 directione
437 709 450 732 t
463 713 479 732 r
493 708 630 743 urgetur,
653 702 692 733 ad
711 702 756 732 fili
775 702 943 732 tensionem
959 702 991 731 in
1010 702 1038 732 P

208 744 255 774 vel
271 755 292 784 p
305 755 359 784 per
380 754 474 785 quam
495 751 660 785 generatur
674 744 719 776 vis
732 744 786 776 illa
808 751 843 775 ut
857 751 870 775 t
883 754 899 773 r
912 744 952 774 ad
967 750 980 774 t
996 744 1032 774 P.

205 1498 266 1529 Sed
291 1499 341 1539 (ex
365 1495 475 1527 natura
497 1495 618 1534 circuli)
642 1496 777 1537 angulus
791 1501 804 1526 t
820 1495 849 1527 P
862 1505 887 1533 r,
912 1495 1039 1536 aequalis

201 1549 248 1573 est
267 1539 383 1581 angulo
401 1539 428 1569 P
446 1539 476 1569 O
491 1549 521 1578 p,
545 1548 618 1568 cum
640 1548 730 1569 arcus
746 1538 775 1568 P
789 1549 810 1577 p
826 1538 865 1568 sit
878 1538 1039 1578 utriusque

201 1592 355 1618 mensura,
372 1587 403 1611 et
410 1580 570 1620 proptereit
579 1580 771 1621 triangulum
780 1580 907 1611 isoscele
922 1579 954 1610 Ρ
964 1581 994 1611 Ο
1006 1591 1037 1619 p,

200 1625 299 1655 simile
321 1629 366 1654 est
387 1623 541 1663 triangulo
561 1622 680 1653 isosceli
695 1628 708 1653 t
725 1623 752 1653 P
767 1632 792 1652 r.
843 1621 950 1658 Quare
974 1622 1002 1652 P
1015 1633 1037 1662 p

199 1673 246 1698 est
259 1668 299 1697 ad
316 1667 344 1697 P
361 1666 390 1696 Ο
406 1672 442 1695 ut
457 1671 470 1695 t
488 1675 503 1694 r
517 1664 557 1695 ad
571 1671 584 1695 t
601 1665 638 1702 P,
661 1666 719 1695 hoc
734 1670 791 1702 est,
814 1669 850 1695 ut
865 1664 910 1695 vis
924 1665 1037 1694 motrix

199 1709 261 1749 quai
275 1707 424 1748 particula
449 1708 476 1737 P
490 1717 511 1746 p
532 1707 570 1737 in>
580 1706 747 1737 directione
761 1712 776 1737 t
790 1716 806 1736 r
819 1717 876 1737 seu
895 1707 922 1736 P
938 1707 968 1737 Ο
983 1717 1035 1736 ur-

198 1758 291 1792 getur
305 1750 345 1781 ad
360 1750 404 1780 fili
418 1749 589 1781 tensionem
604 1749 707 1779 datam
725 1749 766 1786 G,
789 1755 820 1779 et
836 1747 908 1779 ideo
923 1748 968 1778 vis
982 1749 1036 1779 illa

311 1793 340 1823 P
360 1802 381 1831 ι’

198 1825 243 1850 eSt
257 1825 293 1849 ut
310 1835 391 1875 ῑὸ-

197 1887 317 1917 ratione
331 1887 376 1915 vis
389 1884 525 1914 motricis
543 1883 657 1914 directe
671 1889 702 1914 et
716 1883 852 1913 materiae
874 1882 1038 1913 movendae

197 1927 317 1958 inverse
333 1930 404 1968 (per
416 1927 487 1957 nef.
504 1929 533 1956 8.
550 1926 620 1956 Lib.
638 1924 680 1964 Ι.)
697 1931 728 1956 et
742 1925 870 1955 materia
883 1925 1038 1955 movenda

198 1971 238 2001 sit
251 1971 302 2000 hic
316 1976 352 2001 ut
369 1969 397 2000 P
411 1979 441 2008 p,
465 1970 504 1999 ob
526 1967 676 2008 aequalem
697 1967 811 2008 uquue
827 1967 912 1997 nervi
928 1967 1038 1998 crassi.

197 2112 253 2143 est,
269 2105 301 2135 in
316 2105 433 2136 ratione
447 2101 567 2134 inversa
585 2103 662 2134 radii
683 2103 790 2134 circuli
811 2113 937 2133 curvam

197 2147 363 2179 osculantis
378 2148 410 2177 in
428 2147 464 2183 P,
487 2144 619 2186 ide6que
640 2146 672 2175 in
693 2145 811 2175 ratione
829 2155 936 2177 curva-

197 2197 275 2221 turae
289 2190 322 2220 in
340 2190 368 2221 P
384 2191 471 2231 (121.
491 2188 561 2219 Lib.
584 2187 642 2228 L).
692 2188 732 2224 Q.
752 2197 777 2218 e.
797 2187 827 2218 d.

441 1817 524 1847 Cum
546 1816 643 1857 igitur
663 1815 708 1846 vis
729 1815 922 1846 accelerati-ix
939 1815 978 1845 sit
1001 1817 1034 1846 in

197 2038 349 2074 tudinem,
374 2035 431 2067 erit
455 2035 499 2066 vis
520 2034 713 2066 accelerati-ix
735 2040 772 2065 ut

409 2316 718 2348 PROPOSITIO.

239 2406 312 2434 800.
347 2403 380 2434 Si
393 2403 502 2433 chorda
525 2403 641 2433 musica
656 2402 688 2432 A
705 2403 732 2432 C
741 2401 935 2443 uniformiter

196 2456 297 2476 crassa
316 2451 345 2476 et
362 2446 496 2484 pondere
523 2445 551 2475 G
571 2450 665 2480 tensa,
692 2443 736 2475 ἰιὰ
760 2445 935 2485 inflectatur

189 2489 272 2519 >dum
293 2493 422 2523 resonat,
444 2492 479 2517 ut
494 2485 559 2525 ejus
578 2487 722 2526 elongatio
743 2487 874 2517 maz-ima
896 2487 934 2516 ab

197 2540 251 2560 axe
265 2528 362 2560 motti:
378 2530 409 2560 A
426 2531 453 2560 0
463 2527 571 2570 sitfire
586 2529 765 2559 insensibilis
778 2534 807 2559 et
821 2527 883 2559 ideo
892 2529 935 2559 vis

197 2573 340 2603 tensionis
360 2583 424 2602 non
438 2576 576 2602 mutetur
591 2581 649 2609 per
669 2576 794 2601 auctam
815 2572 935 2601 chordoe

197 2615 412 2654 longitudinem
435 2615 468 2644 in
490 2612 653 2653 majoribus
673 2613 735 2644 suis
748 2614 784 2643 ab
806 2623 859 2642 acce
873 2614 933 2643 dis-

199 2658 302 2687 tannis
316 2662 345 2687 et
359 2657 518 2687 inclinatio
532 2656 687 2685 radiorum
705 2660 878 2685 curvaturae
893 2656 934 2684 ad
949 2663 1035 2685 axem

198 2699 310 2737 negligi
325 2699 428 2738 possit,
452 2708 486 2729 ea
502 2698 560 2728 erit
573 2703 690 2728 natura
705 2707 807 2728 curvae
822 2697 853 2726 A
872 2697 897 2730 Q
915 2698 946 2727 P
964 2696 1037 2728 Cin

199 2751 293 2780 quam
308 2743 417 2772 chorda
433 2741 596 2770 osculando
610 2740 788 2781 inflectitur,
811 2740 843 2769 in
859 2740 965 2778 quovis
986 2748 1038 2767 ar-

199 2784 290 2812 ticulo
312 2782 411 2813 motuis
432 2783 567 2822 ‹ffusdem
582 2783 701 2812 chordae
714 2787 750 2812 ut
765 2782 866 2812 ductis
875 2791 932 2820 pro
949 2781 1038 2811 libitu

201 2826 349 2855 ordinatis
362 2827 403 2855 ad
417 2835 503 2855 axem
517 2825 705 2855 normalibus
722 2825 748 2858 Q
763 2825 802 2859 R,
820 2825 851 2854 P
861 2825 884 2853 S
903 2824 943 2853 sit
964 2832 1039 2853 cur-

199 2872 311 2897 vatura
332 2869 367 2898 in
394 2869 429 2902 Q,
453 2869 493 2898 ad
508 2872 708 2897 curvaturam
722 2867 755 2897 in
771 2867 810 2902 P,
833 2871 869 2896 ut
888 2866 914 2899 Q
934 2866 975 2901 R,
1000 2865 1040 2894 ad

207 2910 233 2938 P
248 2910 276 2942 S,
293 2920 329 2938 ac
340 2915 458 2948 puncta
473 2910 574 2940 omnia
594 2910 627 2943 Q.
654 2910 683 2939 P
703 2909 795 2938 simul
807 2909 847 2938 ad
859 2917 945 2937 axem
964 2916 1040 2946 per·

201 2951 349 2981 venientia
362 2957 390 2981 et
401 2953 494 2982 simul
503 2952 662 2982 redeuntia
674 2951 868 2981 oscillationes
883 2959 956 2980 suas
972 2958 1040 2978 om-

201 3003 254 3023 nes
281 2994 381 3023 eodem
402 2999 531 3033 tempore
548 2999 698 3033 peragant
723 2994 763 3023 ad
791 2994 889 3023 instar
905 2991 1041 3031 penduli

203 3035 362 3066 oscillavuis
377 3036 566 3075 imcycloide.

247 3079 312 3108 cas.
335 3080 362 3106 l.
399 3076 445 3107 sit
458 3087 551 3108 curva
569 3077 598 3108 A
617 3077 650 3113 Q
667 3076 694 3107 P
711 3076 738 3108 C
753 3074 875 3108 chordoe
888 3073 1034 3107 oscillan-

1083 533 1157 563 Hoc
1171 532 1268 570 posito
1282 533 1340 563 erit
1353 535 1529 565 acceleratio
1548 537 1580 564 in
1607 536 1640 571 Q
1659 536 1698 566 ad
1719 533 1923 568 acceleratio-¹

1080 584 1152 605 nem
1169 575 1199 604 in
1221 575 1248 605 P
1262 575 1293 604 in
1316 574 1423 606 eadem
1447 577 1564 606 ratione
1589 578 1623 613 Q
1638 578 1667 609 R
1690 578 1728 608 ad
1754 579 1780 609 P
1797 580 1819 610 S
1842 582 1912 621 (per

1082 617 1172 647 Lem.
1191 617 1331 655 superius
1346 619 1436 658 299.)
1452 619 1582 659 ideoque
1594 619 1683 650 initio
1698 620 1802 651 nimiis
1813 621 1911 661 spatia

1079 658 1169 691 simul
1185 668 1327 698 percursa
1344 660 1413 700 Qq,
1433 661 1462 691 P
1472 671 1502 699 p,
1519 668 1609 692 erunt
1620 662 1652 692 in
1662 661 1770 693 eidem
1781 663 1909 701 atione,

1079 709 1110 732 et
1124 700 1243 731 divisim
1259 702 1356 740 spatia
1369 703 1573 741 percurrenda
1587 714 1605 743 q
1625 705 1665 741 R,
1681 715 1702 743 p
1719 705 1751 742 S,
1768 705 1865 736 'erunt
1877 705 1912 736 in

1079 742 1187 775 eadem
1202 743 1320 781 ratione
1338 744 1371 779 Q
1388 745 1418 775 R
1433 745 1472 775 ad
1490 746 1517 776 P
1531 745 1572 783 S;
1587 746 1672 777 unde
1686 747 1780 777 etiam
1794 747 1910 779 accele-

1120 785 1253 815 rationes
1274 795 1361 815 novae
1381 786 1414 815 in
1435 788 1559 825 punctis
1571 798 1591 828 q
1605 794 1636 818 et
1650 799 1680 828 p,
1703 796 1795 820 erunt
1808 789 1842 820 in
1856 784 1922 821 ei·-

1121 826 1191 857 dem
1214 827 1333 858 ratione
1351 827 1384 864 Q
1399 829 1431 859 R
1451 828 1492 859 ad
1515 829 1543 860 P
1559 830 1581 860 S
1597 831 1684 870 (299,
1701 831 1792 871 298.)
1818 838 1911 873 atque

1122 875 1214 900 erunt
1235 869 1274 900 ad
1295 870 1529 901 accelerationes
1542 871 1656 910 priores
1669 873 1702 902 in
1720 873 1753 909 Q
1765 879 1797 904 et
1813 874 1850 910 P,
1873 881 1911 906 ut

1122 911 1273 942 distantiae
1287 923 1307 952 q
1323 913 1353 942 R
1367 920 1398 943 et
1412 923 1433 952 p
1447 913 1469 944 S
1483 912 1522 943 ad
1533 913 1688 945 distantias
1705 914 1740 951 Q
1751 915 1781 946 R
1795 923 1827 947 et
1843 915 1909 947 Ps

1124 955 1211 995 (299,
1232 955 1329 994 298.).
1379 953 1467 996 Ergo
1481 955 1588 994 puncti
1603 956 1738 996 cujusvis
1754 957 1791 995 P,
1814 959 1863 989 vel
1875 959 1911 989 in

1122 994 1232 1026 eadem
1261 997 1353 1027 ειη-νᾶ
1385 999 1415 1027 Α
1446 998 1478 1033 Q
1511 997 1540 1028 P
1570 998 1597 1029 C
1632 998 1682 1028 vel
1715 998 1749 1029 in
1784 998 1911 1032 dive&

1125 1039 1156 1068 A
1183 1038 1366 1074 QPCet
1395 1040 1555 1080 quc,
1585 1040 1911 1079 spectatiacceleratin

1122 1089 1242 1120 semper
1255 1087 1300 1111 est
1314 1088 1351 1112 ut
1365 1081 1502 1122 ejusdem
1524 1081 1669 1113 distantia
1681 1093 1717 1113 ac
1730 1093 1788 1114 axe
1808 1083 1912 1116 motus

1125 1123 1156 1153 A
1171 1123 1208 1154 C.
1247 1123 1352 1159 Quare
1367 1126 1436 1165 (per
1452 1124 1545 1163 Prop-
1560 1124 1621 1155 LI.
1636 1125 1707 1156 Lib.
1727 1125 1771 1164 Ι.)
1792 1133 1910 1166 punct·

1122 1164 1226 1195 omnia
1240 1166 1326 1195 nervi
1340 1166 1380 1197 ad
1393 1176 1481 1197 axem
1497 1166 1590 1197 simul
1605 1167 1797 1206 perveniunt,
1815 1168 1909 1200 simul

1122 1206 1253 1238 redeunt
1266 1214 1296 1238 et
1310 1208 1513 1239 oscillationes
1526 1209 1663 1249 singulas
1676 1216 1828 1251 peragunt
1837 1210 1911 1242 dno

1058 1251 1060 1253 ’
1122 1255 1260 1289 tempore
1287 1250 1327 1281 ad
1348 1250 1443 1281 instar
1462 1250 1595 1291 eorporis
1616 1251 1647 1281 in
1669 1251 1807 1291 cycloide
1819 1253 1909 1286 osen-

1122 1291 1222 1322 lautis.
1271 1293 1314 1329 Q.
1332 1303 1360 1324 e.
1378 1292 1410 1323 d.

1168 1337 1233 1366 Cas.
1253 1338 1281 1366 2.
1321 1335 1354 1366 Si
1375 1334 1488 1366 chorda
1510 1335 1626 1375 plectro
1650 1335 1745 1367 modo
1767 1347 1910 1376 percum

1123 1376 1264 1407 nondum
1292 1377 1428 1408 induerit
1454 1377 1586 1408 formam
1618 1387 1720 1408 curvoe
1747 1379 1780 1408 in
1809 1379 1911 1419 primo

1123 1429 1195 1449 casu
1210 1419 1379 1459 descriptae,
1405 1420 1462 1450 erit
1481 1428 1644 1451 curvatura
1657 1420 1690 1450 in
1707 1420 1736 1451 P
1749 1421 1791 1456 ad
1802 1431 1910 1453 curvu-

1123 1466 1225 1492 turam
1239 1461 1272 1491 in
1290 1463 1322 1497 Q
1336 1463 1368 1492 in
1384 1462 1492 1503 majori
1505 1462 1553 1492 vel
1563 1462 1676 1492 minori
1689 1462 1806 1494 ratione
1815 1462 1911 1504 quim

1082 1501 1233 1534 distantiae
1250 1504 1279 1537 P
1297 1505 1318 1535 S
1332 1504 1372 1535 ad
1386 1504 1560 1535 distantiam
1585 1504 1618 1540 Q
1634 1505 1676 1536 R.
1722 1505 1769 1536 sit
1788 1506 1822 1536 in
1831 1516 1911 1541 ,ano-

1077 1544 1137 1585 jori
1151 1546 1278 1582 ratione,
1293 1554 1325 1577 et
1338 1547 1396 1577 erit
1409 1547 1552 1577 velocitas
1565 1547 1599 1576 in
1612 1546 1650 1584 P,
1666 1546 1704 1577 nd
1720 1547 1911 1579 velocitatem

1080 1588 1113 1617 in
1133 1589 1172 1624 Q,
1199 1588 1231 1618 in
1256 1589 1374 1619 ratione
1398 1589 1515 1630 majore
1540 1599 1634 1629 quam
1662 1589 1691 1619 P
1707 1590 1728 1620 S
1752 1590 1792 1620 ad
1819 1591 1852 1626 Q
1866 1591 1908 1627 R,

1081 1630 1174 1671 (299)
1191 1637 1222 1661 et
1235 1631 1367 1670 spatium
1386 1631 1414 1661 P
1428 1641 1449 1670 p
1469 1637 1607 1671 tempore
1627 1631 1757 1662 minimo
1777 1632 1912 1672 descrip-

1081 1679 1149 1703 tum
1165 1673 1205 1703 ad
1219 1674 1351 1712 spatium
1370 1674 1403 1709 Q
1412 1683 1441 1713 q,
1458 1674 1566 1704 eodem
1577 1679 1715 1713 tempore
1725 1674 1912 1713 descriptum

1078 1715 1111 1744 in
1133 1714 1252 1745 ratione
1272 1716 1386 1756 majore
1400 1726 1493 1756 quam
1511 1716 1540 1746 P
1555 1716 1577 1746 S
1598 1715 1639 1745 ad
1663 1716 1696 1752 Q
1713 1717 1754 1753 R,
1779 1715 1912 1758 ideoque

1079 1757 1199 1787 divisim
1210 1758 1292 1796 eritp
1302 1758 1433 1788 Sminor
1444 1764 1583 1796 respectu
1597 1758 1626 1788 P
1636 1758 1668 1795 S,
1677 1757 1770 1798 quam
1780 1768 1799 1798 q
1812 1759 1853 1795 R,
1863 1769 1912 1789 ne-

1079 1805 1185 1837 spectu
1204 1800 1237 1834 Q
1249 1800 1297 1836 R;
1314 1806 1344 1829 et
1358 1799 1432 1839 quia
1445 1805 1607 1830 curvatura
1620 1810 1692 1829 cum
1707 1799 1858 1831 distantiis
1871 1802 1912 1832 ab

1079 1851 1137 1870 axe
1147 1840 1301 1870 minuitur
1311 1851 1346 1871 ac
1362 1841 1552 1872 coincidente
1566 1841 1659 1871 curvis
1674 1851 1746 1872 cum
1756 1852 1813 1872 axe
1824 1842 1913 1874 nulla

1080 1882 1190 1918 evadit,
1213 1882 1271 1913 erit
1285 1883 1376 1915 etiarn
1392 1890 1556 1914 curvatura
1570 1883 1602 1913 in
1615 1894 1645 1922 p,
1658 1883 1760 1913 minor
1770 1890 1913 1923 respectu

1080 1930 1251 1955 curvaturae
1272 1924 1306 1954 in
1331 1925 1367 1961 P,
1390 1935 1483 1965 quam
1498 1931 1661 1955 curvatura
1674 1925 1707 1955 in
1721 1935 1751 1966 q,
1774 1932 1914 1965 respectu

1081 1972 1253 1997 curvaturae
1267 1966 1299 1996 in
1318 1967 1360 2004 Q,
1383 1974 1415 1998 et
1428 1967 1501 1998 inde
1516 1967 1611 2008 (299)
1626 1967 1815 2013 acceleratio!
1827 1968 1860 1999 in
1880 1978 1913 2009 p,

1079 2652 1184 2682 minor
1199 2656 1337 2691 respectu
1352 2649 1576 2682 melei-ationis
1590 2650 1622 2681 in
1637 2650 1674 2689 P,
1689 2660 1783 2692 quam
1796 2650 1914 2684 uculo-

1081 2695 1160 2725 ratio
1176 2694 1208 2724 in
1223 2704 1253 2734 q.
1270 2700 1409 2733 respectu
1423 2693 1649 2724 accelerationis
1662 2694 1696 2723 in
1714 2694 1757 2730 Q.
1783 2693 1915 2736 Mnjorin

1082 2738 1180 2776 igitur
1209 2735 1377 2766 velocitatis
1404 2735 1621 2766 acceleratione
1650 2746 1770 2776 semper
1793 2735 1915 2768 deae·-

1081 2785 1170 2808 cente
1184 2784 1216 2809 et
1229 2778 1357 2808 minoris
1367 2777 1534 2808 velocitatis
1543 2778 1761 2809 acceleratione
1774 2788 1794 2810 e
1807 2777 1914 2810 cond

1082 2825 1205 2859 semper
1219 2825 1382 2857 crescente,
1404 2825 1544 2858 respectu
1558 2819 1775 2851 distantiarum
1796 2822 1836 2851 ab
1855 2830 1914 2852 axe

1087 2864 1115 2892 A
1137 2863 1175 2899 C,
1198 2868 1301 2892 motus
1314 2862 1394 2892 inter
1407 2871 1440 2891 ee
1454 2861 1578 2892 tandem
1594 2861 1637 2892 itia
1651 2865 1915 2903 temperabantur,

1084 2911 1120 2934 ut
1143 2904 1266 2943 punctis
1292 2904 1318 2934 P
1333 2911 1365 2934 et
1382 2903 1414 2940 Q
1433 2904 1679 2943 pervenientibus
1693 2906 1725 2935 iu
1740 2905 1808 2937 loca
1827 2915 1914 2946 quae·

1083 2947 1162 2977 dam-
1172 2956 1204 2976 m
1220 2952 1250 2977 et
1265 2956 1296 2983 n,
1312 2952 1379 2976 tum
1393 2945 1577 2983 velocitates,
1600 2954 1667 2978 tum
1683 2947 1915 2980 acceleratione·

1085 2989 1199 3019 suturoe
1214 2988 1277 3018 sint
1297 2987 1447 3019 distantiis
1468 2997 1500 3017 m
1518 2989 1547 3023 S,
1571 2999 1591 3018 n
1612 2990 1641 3020 R
1662 2989 1912 3029 proportionales,

1084 3029 1216 3070 ideoque
1237 3029 1330 3061 curvi
1353 3030 1383 3060 A
1398 3039 1419 3060 n
1434 3039 1467 3060 m
1487 3030 1522 3066 C,
1544 3031 1610 3071 jam
1634 3032 1781 3063 existente
1805 3031 1914 3063 eedem

1086 3083 1180 3114 quam
1206 3071 1419 3112 descripsimus
1441 3072 1474 3103 in
1500 3073 1583 3104 Casu
1609 3077 1649 3112 1.‚
1675 3081 1778 3106 motus
1801 3073 1914 3106 dehinc
