2066 3548
647 374 1236 434 MONITUM.

82 531 285 580 ALTERA
312 535 482 578 tandem
511 535 818 598 principiorum
842 534 1241 578 Mathematicorum
1273 534 1377 576 Pars
1406 534 1451 575 in
1480 533 1618 576 lucem
1643 534 1804 590 prodit.

3 627 8 638 ¹
60 606 62 609 ⁵
83 608 154 651 De
184 607 375 649 Motibus
408 607 646 662 Corporum
674 607 718 648 in
749 606 898 649 Medio
929 606 1164 648 Resistente
1193 604 1331 662 agitur
1358 604 1622 660 potissimum
1651 605 1696 646 in
1723 605 1807 646 1100

85 677 271 720 5001111ᾶο
285 677 480 720 Newtoni
493 676 639 719 Libro.
673 677 782 718 Rem
794 676 1044 718 difficultatis
1058 675 1223 732 plenam
1242 683 1398 716 norunt
1409 690 1575 726 omnes3
1596 675 1655 716 ita
1668 682 1810 716 tamen

83 756 228 790 nostra
261 747 494 790 studuimus
524 746 840 789 accommodare
863 747 1173 789 Commentaria
1201 753 1249 787 ut
1276 746 1326 788 iis
1356 746 1427 802 qui
1455 747 1500 787 in
1529 746 1655 802 primi
1689 746 1811 788 Libri

85 819 264 863 lectione
294 819 343 861 ea
378 819 460 876 qua
493 834 571 875 par
602 826 666 862 est
696 818 911 877 diligentia
946 827 989 861 et
1022 819 1250 861 attentione
1284 818 1439 860 fuerint
1468 819 1633 870 versati,
1673 818 1811 860 facilia

83 891 292 948 planaque
323 891 465 933 omnia
497 890 640 933 futura
678 906 768 933 esse
800 905 1027 947 speremus.
1087 890 1180 932 Nec
1211 889 1308 932 satis
1338 889 1460 932 nobis
1493 890 1572 932 fuit
1609 890 1812 946 praeclara

85 963 243 1005 clariss.
263 963 420 1005 autoris
438 963 607 1004 inventa
626 962 848 1018 explicare,
879 977 957 1004 nos
975 961 1056 1017 ipsi
1075 976 1241 1018 quoque
1260 976 1339 1002 usu
1359 960 1580 1002 didicimus
1609 961 1812 1002 nonnulla

86 1033 299 1076 interdum
328 1033 515 1076 invenire
535 1047 630 1090 quae
648 1032 734 1075 11ὰο
753 1042 795 1075 et
812 1032 912 1075 111110
930 1033 976 1075 111
994 1033 1148 1075 nostris
1171 1033 1493 1074 Commentariis
1512 1032 1694 1074 inserere
1724 1032 1814 1073 ausi

87 1122 250 1150 sumus.
312 1107 397 1150 Sed
426 1106 540 1164 quod
566 1107 796 1149 maximum
816 1115 878 1149 est
895 1106 1070 1163 hujusce
1102 1105 1255 1162 Operis
1281 1105 1408 1147 decus
1437 1113 1480 1147 et
1507 1114 1813 1155 ornamentum,

89 1193 200 1220 nova
219 1178 530 1235 quamplurima
549 1177 778 1220 doctissimi
799 1178 944 1220 Euleri
967 1178 1245 1228 Problemata,
1268 1191 1362 1234 quae
1382 1177 1427 1218 in
1446 1176 1616 1233 egregio
1636 1176 1814 1218 Mecha-

85 1251 200 1294 nices
211 1265 348 1306 opere
367 1250 578 1308 leguntur,
600 1251 848 1293 addidimus.
900 1251 1080 1293 Nostros
1095 1251 1219 1293 etiam
1233 1250 1400 1292 abunde
1412 1250 1670 1306 locupletant
1686 1250 1816 1291 Com·

87 1323 313 1365 mentarios
326 1323 510 1379 pretiosa
522 1333 794 1366 monumenta
808 1323 958 1380 quibus
972 1324 1082 1366 Acta
1098 1324 1372 1366 Eruditorum
1386 1323 1621 1379 Lipsiensia
1636 1338 1815 1365 exorna-

87 1403 188 1437 runt
207 1394 360 1436 clariss.
381 1395 460 1437 viri
479 1395 663 1437 Joannes
683 1403 727 1438 et
745 1395 900 1438 Daniel
922 1395 1200 1438 Bernoullius.
1263 1396 1438 1438 Silentio
1452 1395 1622 1437 tandem
1640 1403 1817 1451 praeter-

87 1467 320 1510 mittendus
339 1482 426 1510 non
446 1476 508 1510 est
526 1466 826 1511 illustrissimus
845 1468 1191 1525 doctissimusque
1212 1468 1410 1519 Polenus,
1434 1469 1552 1524 cujus
1574 1467 1741 1524 elegans
1762 1467 1816 1508 de

88 1537 413 1596 Logarithmicae
427 1538 748 1581 Constructione
770 1539 974 1595 Epistola,
988 1539 1272 1596 nonnullaque
1291 1539 1346 1581 de
1363 1539 1493 1581 Motu
1506 1539 1727 1595 Aquarum
1742 1553 1817 1579 ex-

88 1612 324 1668 perimenta
341 1612 462 1654 nobis
481 1612 709 1668 plurimum
727 1613 937 1669 profuere.
999 1613 1084 1657 Sed
1104 1613 1232 1671 longe
1250 1614 1410 1670 majora
1428 1621 1526 1654 sunt
1540 1610 1665 1669 quam
1681 1611 1819 1653 verbis

88 1683 272 1740 exprimi
289 1684 464 1739 possint,
486 1684 540 1726 de
558 1684 641 1727 hoc
659 1686 854 1728 universo
873 1701 1000 1742 opere
1020 1686 1176 1729 clariss.
1197 1686 1276 1729 viri
1290 1687 1413 1729 Joan.
1436 1685 1643 1727 Ludovici
1665 1685 1819 1727 Calan-

27 1748 39 1759 ‘
88 1755 202 1797 drini
230 1755 392 1807 merita,
423 1755 509 1812 qui,
540 1754 688 1798 eadem
717 1772 843 1814 quam
870 1755 998 1814 primi
1018 1758 1139 1800 Libri
1158 1758 1278 1800 initio
1296 1757 1572 1809 laudavimus,
1604 1755 1820 1814 diligentia

28 1823 36 1827 ⁴
87 1827 375 1884 indefessaque
394 1828 494 1871 cura
514 1828 612 1872 huic
632 1830 828 1873 secundae
850 1831 966 1873 Parti
986 1831 1229 1889 invigilavit.

151 1901 568 1957 Reprehendendum
598 1903 740 1945 multis
774 1903 948 1946 fortasse
978 1903 1186 1946 videbitur
1220 1902 1335 1960 quod
1369 1901 1552 1944 oblatam
1581 1900 1820 1956 frequenter

89 1974 351 2016 occasionem
370 1975 487 2032 quasi
506 1991 530 2018 0
550 1976 741 2018 manibus
761 1976 1029 2028 dimittentes,
1052 1974 1345 2019 celeberrimas
1357 1973 1705 2031 philosophorum
1719 1987 1820 2014 con-

91 2045 316 2087 troversias
355 2046 423 2088 vel
461 2046 632 2088 omnino
671 2048 909 2090 omittamus
942 2048 1014 2105 ¹vel
1052 2048 1198 2090 leviter
1236 2048 1441 2089 duntaxat
1478 2045 1819 2102 perstringamus.
1846 2049 1848 2051 ’

91 2115 254 2158 Verum
274 2117 406 2159 sciant
426 2133 522 2159 eum
541 2118 667 2161 fuisse
688 2119 883 2173 Newtoni
903 2134 1078 2175 scopum
1090 2135 1115 2162 a
1127 2134 1211 2175 quo
1223 2119 1419 2161 uelatum
1439 2132 1624 2174 unguem
1639 2115 1821 2158 maxime

93 2186 297 2229 vellemus
316 2187 543 2239 discedere,
574 2197 622 2231 ut
640 2189 854 2247 ingeniosa
874 2206 1040 2248 quoque
1061 2198 1330 2248 systematum
1350 2196 1584 2231 commenta
1604 2203 1628 2230 e
1647 2187 1820 2244 physica

95 2259 328 2302 eliminaret
357 2268 482 2316 atque
510 2260 766 2319 profligaret.
827 2262 918 2304 Nos
938 2262 1078 2319 itaque
1098 2278 1123 2304 a
1141 2261 1440 2318 philosophicis
1469 2261 1612 2302 litibus
1639 2257 1820 2300 maxime

96 2332 244 2383 aversi,
274 2332 561 2374 altercationes
581 2349 746 2376 summo
765 2334 904 2377 studio
933 2334 1244 2377 declinavimus.
1305 2334 1392 2376 Tot
1420 2334 1590 2389 insuper
1618 2347 1727 2374 nova
1755 2331 1821 2373 his

92 2405 146 2447 de
166 2405 291 2448 rebus
312 2405 467 2462 scripta
485 2406 674 2463 quotidie
704 2407 1052 2450 circumferuntur
1073 2416 1118 2449 ut
1139 2407 1244 2464 justi
1264 2406 1400 2462 operis
1421 2405 1574 2448 molem
1601 2404 1823 2447 excederet

94 2476 164 2518 hic
185 2477 392 2520 secundus
414 2478 559 2531 Liber,
591 2478 627 2521 si
647 2480 879 2522 recentiora
899 2479 1109 2536 explicare·
1126 2479 1447 2538 aggrederemur
1474 2476 1822 2533 philosophorum
1865 2467 1870 2473 i

94 2547 260 2603 placita.
347 2596 353 2607 θ

143 2618 272 2661 Η3110
285 2620 511 2663 secundam
521 2621 677 2663 laboris
689 2621 822 2663 nostri
835 2630 997 2677 partem
1011 2620 1191 2680 benigne
1204 2621 1414 2677 excipiant
1427 2618 1822 2663 Mathematicarum
1892 2667 1898 2671 ⁴

92 2689 424 2746 Disciplinarum
454 2693 679 2745 candidati,
721 2694 974 2752 tertiamque
1002 2695 1171 2738 tandem
1200 2703 1243 2737 et
1268 2694 1458 2736 ultimam
1486 2708 1597 2735 anno
1630 2691 1821 2748 proxime

92 2759 234 2802 futuro
254 2769 491 2817 expectent·

180 2893 284 2923 Romoe
301 2893 335 2925 ἰη
354 2894 445 2935 Regio
462 2895 620 2927 Commu
632 2896 706 2927 gsae.
729 2896 896 2928 Trinitatis.

432 2950 528 2983 Anno
547 2953 640 2982 1740.
